
@BOOK{Bollobas86Combinatorics,
  title = {Combinatorics: set systems, hypergraphs, families of vectors and combinatorial probability},
  author = {Bollob{\'a}s, B{\'e}la},
  publisher = {Cambridge University Press},
  year = {1986}
}

