@MISC {imo2019,
    title        = "60th {I}nternational {M}athematical {O}lympiad",
    howpublished = "\url{https://www.imo2019.uk/wp-content/uploads/2018/07/solutions-r856.pdf}",
    note         = "11th--22nd July 2019"
}
