
@misc{Wiki,
  title = {Wikipedia: Szpilrajn extension theorem},
  howpublished = {\url{https://en.wikipedia.org/wiki/Szpilrajn_extension_theorem}},
  note = {Accessed: 2019-07-27}
}

@article{Szpilrajn:1930,
  added-at = {2012-02-16T17:15:19.000+0100},
  author = {Szpilrajn, E.},
  bdsk-file-1 = {YnBsaXN0MDDUAQIDBAUGCQpYJHZlcnNpb25UJHRvcFkkYXJjaGl2ZXJYJG9iamVjdHMSAAGGoNEHCFRyb290gAFfEA9OU0tleWVkQXJjaGl2ZXKoCwwXGBkdJCVVJG51bGzTDQ4PEBEUViRjbGFzc1dOUy5rZXlzWk5TLm9iamVjdHOAB6ISE4ACgAOiFRaABIAGWWFsaWFzRGF0YVxyZWxhdGl2ZVBhdGjSDRobHFdOUy5kYXRhgAVPEQIGAAAAAAIGAAIAAAxNYWNpbnRvc2ggSEQAAAAAAAAAAAAAAAAAAADCWLRVSCsAAAG52f0fU3VyIGwnZXh0ZW5zaW9uIGRlICMxOTNFQ0VELnBkZgAAAAAAAAAAAAAAAAAAAAAAAAAAAAAAAAAAAAAAAAAAAZPs7ckkJ6wAAAAAAAAAAAABAAQAAAkgAAAAAAAAAAAAAAAAAAAACVN6cGlscmFqbgAAEAAIAADCWJg1AAAAEQAIAADJJBmcAAAAAQAUAbnZ/QAgFS8AB/PnAAfz2gAAcEIAAgBWTWFjaW50b3NoIEhEOlVzZXJzOnNjaGxlbW1lOkRvY3VtZW50czpQYXBlcnM6U3pwaWxyYWpuOlN1ciBsJ2V4dGVuc2lvbiBkZSAjMTkzRUNFRC5wZGYADgBQACcAUwB1AHIAIABsACcAZQB4AHQAZQBuAHMAaQBvAG4AIABkAGUAIABsACcAbwByAGQAcgBlACAAcABhAHIAdABpAGUAbAAuAC4AcABkAGYADwAaAAwATQBhAGMAaQBuAHQAbwBzAGgAIABIAEQAEgBRVXNlcnMvc2NobGVtbWUvRG9jdW1lbnRzL1BhcGVycy9TenBpbHJham4vU3VyIGwnZXh0ZW5zaW9uIGRlIGwnb3JkcmUgcGFydGllbC4ucGRmAAATAAEvAAAVAAIAD///AADSHh8gIVgkY2xhc3Nlc1okY2xhc3NuYW1loyEiI11OU011dGFibGVEYXRhVk5TRGF0YVhOU09iamVjdF8QOFBhcGVycy9TenBpbHJham4vU3VyIGwnZXh0ZW5zaW9uIGRlIGwnb3JkcmUgcGFydGllbC4ucGRm0h4fJieiJyNcTlNEaWN0aW9uYXJ5AAgAEQAaAB8AKQAyADcAOgA/AEEAUwBcAGIAaQBwAHgAgwCFAIgAigCMAI8AkQCTAJ0AqgCvALcAuQLDAsgC0QLcAuAC7gL1Av4DOQM+A0EAAAAAAAACAQAAAAAAAAAoAAAAAAAAAAAAAAAAAAADTg==},
  bdsk-url-1 = {http://www.zentralblatt-math.org/zmath/en/search/?format=complete&q=an:56.0843.02},
  bdsk-url-2 = {http://matwbn.icm.edu.pl/tresc.php?wyd=1&tom=16},
  biburl = {https://www.bibsonomy.org/bibtex/2b07a81abc9272c2301e6c80c9f8d11ce/keinstein},
  date-added = {2011-02-10 18:48:21 +0100},
  date-modified = {2011-06-09 11:43:30 +0200},
  groups = {public},
  interhash = {373687a6678990935d86f7fa973639ad},
  intrahash = {b07a81abc9272c2301e6c80c9f8d11ce},
  issn = {0016-2736},
  journal = {Fundamenta Mathematicae},
  keywords = {Ordnung},
  lastchecked = {2011-06-01},
  pages = {386-389},
  read = {1},
  timestamp = {2013-01-20T19:14:41.000+0100},
  title = {{Sur l'extension de l'ordre partiel.}},
  url = {http://matwbn.icm.edu.pl/tresc.php?wyd=1&tom=16},
  username = {keinstein},
  volume = 16,
  year = 1930
}

