@unpublished{arthan,
year={2007},
title={Descartes' Rule of Signs by an Easy Induction},
url={http://arxiv.org/abs/0710.1881},
publisher={arXiv.org},
author={R. D. Arthan}
}
