@unpublished{hollight,
title={{HOL} {L}ight, {B}ertrand's postulate},
note={\url{https://github.com/jrh13/hol-light/blob/master/100/bertrand.ml}},
author={John Harrison}
}
