@book{LNCS2283,author={Tobias Nipkow and Lawrence Paulson and Markus Wenzel},
title="Isabelle/HOL --- A Proof Assistant for Higher-Order Logic",
publisher=Springer,series=LNCS,volume=2283,year=2002,
note={\url{http://www.in.tum.de/~nipkow/LNCS2283/}}}

@article{margetson99completeness,
author="James Margetson",
title="Completeness of the first order predicate calculus",
year=1999,
notes="Unpublished description of formalisation in Isabelle/HOL of \cite{Wainer:92}"
}

@article{margetson04completeness,
author="James Margetson and Tom Ridge",
title="Completeness of the first order predicate calculus",
year="2004",
journal="Archive of Formal Proofs"
}


@incollection{Wainer:92,
  AUTHOR = {S. S. Wainer and L. A. Wallen},
  TITLE = {Basic Proof Theory},
  YEAR = 1992,
  BOOKTITLE = {Proof Theory: A Selection of Papers from the Leeds Proof Theory Programme 1990},
  EDITOR = {S. S. Wainer and P. Aczel and H. Simmons},
  PUBLISHER = {Cambridge University Press},
  ADDRESS = {Cambridge},
  PAGES = {3-26},
  KEYWORDS = {}}

