%% This BibTeX bibliography file was created using BibDesk.
%% http://bibdesk.sourceforge.net/


%% Created for John Wickerson at 2013-01-12 16:30:03 +0100 


%% Saved with string encoding Unicode (UTF-8) 



@inproceedings{bornat+06,
	Author = {Bornat, Richard and Calcagno, Cristiano and Yang, Hongseok},
	Booktitle = {Proceedings of the 21st Annual Conference on Mathematical Foundations of Programming Semantics (MFPS XXI)},
	Date-Added = {2013-01-12 15:19:50 +0000},
	Date-Modified = {2013-01-12 15:19:50 +0000},
	Pages = {247-276},
	Publisher = {Elsevier},
	Series = {Electronic Notes in Theoretical Computer Science},
	Title = {Variables as Resource in Separation Logic},
	Volume = {155},
	Year = {2006},
	Bdsk-File-1 = {YnBsaXN0MDDUAQIDBAUIJidUJHRvcFgkb2JqZWN0c1gkdmVyc2lvblkkYXJjaGl2ZXLRBgdUcm9vdIABqAkKFRYXGyIjVSRudWxs0wsMDQ4RFFpOUy5vYmplY3RzV05TLmtleXNWJGNsYXNzog8QgASABqISE4ACgAOAB1lhbGlhc0RhdGFccmVsYXRpdmVQYXRo0hgNGRpXTlMuZGF0YU8RAfYAAAAAAfYAAgAADE1hY2ludG9zaCBIRAAAAAAAAAAAAAAAAAAAAMpBBgxIKwAAA6wLJh9WYXJpYWJsZXMgYXMgUmVzb3VyIzNBQzBGRDQucGRmAAAAAAAAAAAAAAAAAAAAAAAAAAAAAAAAAAAAAAAAAAADrA/UzL4mmwAAAAAAAAAAAAUAAgAACSAAAAAAAAAAAAAAAAAAAAAGUGFwZXJzABAACAAAykDp7AAAABEACAAAzL4YiwAAAAEAEAOsCyYDq3L9AAUCrgAAvuwAAgBLTWFjaW50b3NoIEhEOlVzZXJzOgBqcHc0ODoARHJvcGJveDoAUGFwZXJzOgBWYXJpYWJsZXMgYXMgUmVzb3VyIzNBQzBGRDQucGRmAAAOAFwALQBWAGEAcgBpAGEAYgBsAGUAcwAgAGEAcwAgAFIAZQBzAG8AdQByAGMAZQAgAGkAbgAgAFMAZQBwAGEAcgBhAHQAaQBvAG4AIABMAG8AZwBpAGMALgBwAGQAZgAPABoADABNAGEAYwBpAG4AdABvAHMAaAAgAEgARAASAEhVc2Vycy9qcHc0OC9Ecm9wYm94L1BhcGVycy9WYXJpYWJsZXMgYXMgUmVzb3VyY2UgaW4gU2VwYXJhdGlvbiBMb2dpYy5wZGYAEwABLwAAFQACAAz//wAAgAXSHB0eH1gkY2xhc3Nlc1okY2xhc3NuYW1lox8gIV1OU011dGFibGVEYXRhVk5TRGF0YVhOU09iamVjdF8QQy4uLy4uLy4uLy4uLy4uL1BhcGVycy9WYXJpYWJsZXMgYXMgUmVzb3VyY2UgaW4gU2VwYXJhdGlvbiBMb2dpYy5wZGbSHB0kJaIlIVxOU0RpY3Rpb25hcnkSAAGGoF8QD05TS2V5ZWRBcmNoaXZlcgAIABEAFgAfACgAMgA1ADoAPABFAEsAUgBdAGUAbABvAHEAcwB2AHgAegB8AIYAkwCYAKACmgKcAqECqgK1ArkCxwLOAtcDHQMiAyUDMgM3AAAAAAAAAgEAAAAAAAAAKAAAAAAAAAAAAAAAAAAAA0k=}}

@phdthesis{bean06,
	Author = {Bean, Jules},
	Date-Added = {2013-01-12 15:06:31 +0000},
	Date-Modified = {2013-01-12 15:06:31 +0000},
	School = {Queen Mary University of London},
	Title = {Ribbon Proofs - A Proof System for the Logic of Bunched Implications},
	Year = {2006},
	Bdsk-File-1 = {YnBsaXN0MDDUAQIDBAUIJidUJHRvcFgkb2JqZWN0c1gkdmVyc2lvblkkYXJjaGl2ZXLRBgdUcm9vdIABqAkKFRYXGyIjVSRudWxs0wsMDQ4RFFpOUy5vYmplY3RzV05TLmtleXNWJGNsYXNzog8QgASABqISE4ACgAOAB1lhbGlhc0RhdGFccmVsYXRpdmVQYXRo0hgNGRpXTlMuZGF0YU8RAkgAAAAAAkgAAgAADE1hY2ludG9zaCBIRAAAAAAAAAAAAAAAAAAAAMpBBgxIKwAAA6wLJh9SaWJib24gUHJvb2ZzIC0gQSBQIzNBQzBFQjUucGRmAAAAAAAAAAAAAAAAAAAAAAAAAAAAAAAAAAAAAAAAAAADrA61zL4kRgAAAAAAAAAAAAUAAgAACSAAAAAAAAAAAAAAAAAAAAAGUGFwZXJzABAACAAAykDp7AAAABEACAAAzL4WNgAAAAEAEAOsCyYDq3L9AAUCrgAAvuwAAgBLTWFjaW50b3NoIEhEOlVzZXJzOgBqcHc0ODoARHJvcGJveDoAUGFwZXJzOgBSaWJib24gUHJvb2ZzIC0gQSBQIzNBQzBFQjUucGRmAAAOAJIASABSAGkAYgBiAG8AbgAgAFAAcgBvAG8AZgBzACAALQAgAEEAIABQAHIAbwBvAGYAIABTAHkAcwB0AGUAbQAgAGYAbwByACAAdABoAGUAIABMAG8AZwBpAGMAIABvAGYAIABCAHUAbgBjAGgAZQBkACAASQBtAHAAbABpAGMAYQB0AGkAbwBuAHMALgBwAGQAZgAPABoADABNAGEAYwBpAG4AdABvAHMAaAAgAEgARAASAGNVc2Vycy9qcHc0OC9Ecm9wYm94L1BhcGVycy9SaWJib24gUHJvb2ZzIC0gQSBQcm9vZiBTeXN0ZW0gZm9yIHRoZSBMb2dpYyBvZiBCdW5jaGVkIEltcGxpY2F0aW9ucy5wZGYAABMAAS8AABUAAgAM//8AAIAF0hwdHh9YJGNsYXNzZXNaJGNsYXNzbmFtZaMfICFdTlNNdXRhYmxlRGF0YVZOU0RhdGFYTlNPYmplY3RfEF4uLi8uLi8uLi8uLi8uLi9QYXBlcnMvUmliYm9uIFByb29mcyAtIEEgUHJvb2YgU3lzdGVtIGZvciB0aGUgTG9naWMgb2YgQnVuY2hlZCBJbXBsaWNhdGlvbnMucGRm0hwdJCWiJSFcTlNEaWN0aW9uYXJ5EgABhqBfEA9OU0tleWVkQXJjaGl2ZXIACAARABYAHwAoADIANQA6ADwARQBLAFIAXQBlAGwAbwBxAHMAdgB4AHoAfACGAJMAmACgAuwC7gLzAvwDBwMLAxkDIAMpA4oDjwOSA58DpAAAAAAAAAIBAAAAAAAAACgAAAAAAAAAAAAAAAAAAAO2}}

@phdthesis{wickerson13,
	Author = {Wickerson, John},
	Date-Added = {2013-01-12 15:06:31 +0000},
	Date-Modified = {2013-01-12 15:06:31 +0000},
	School = {University of Cambridge},
	Title = {Concurrent Verification for Sequential Programs},
	Year = {2013}}

@inproceedings{wickerson+13,
	Author = {Wickerson, John and Dodds, Mike and Parkinson, Matthew J.},
	Booktitle = {Proceedings of the 22nd European Symposium on Programming (ESOP '13)},
	Date-Added = {2013-01-12 15:06:31 +0000},
	Date-Modified = {2013-01-12 15:06:31 +0000},
	Editor = {Felleisen, Matthias and Gardner, Philippa},
	Note = {To appear},
	Title = {Ribbon Proofs for Separation Logic},
	Url = {http://www.cl.cam.ac.uk/~jpw48/ribbons.html},
	Year = {2013},
	Bdsk-File-1 = {YnBsaXN0MDDUAQIDBAUIJidUJHRvcFgkb2JqZWN0c1gkdmVyc2lvblkkYXJjaGl2ZXLRBgdUcm9vdIABqAkKFRYXGyIjVSRudWxs0wsMDQ4RFFpOUy5vYmplY3RzV05TLmtleXNWJGNsYXNzog8QgASABqISE4ACgAOAB1lhbGlhc0RhdGFccmVsYXRpdmVQYXRo0hgNGRpXTlMuZGF0YU8RAeIAAAAAAeIAAgAADE1hY2ludG9zaCBIRAAAAAAAAAAAAAAAAAAAAMpBBgxIKwAAA6wLJh9SaWJib24gUHJvb2ZzIGZvciBTIzNBQzBFQjYucGRmAAAAAAAAAAAAAAAAAAAAAAAAAAAAAAAAAAAAAAAAAAADrA62zL4kYwAAAAAAAAAAAAUAAgAACSAAAAAAAAAAAAAAAAAAAAAGUGFwZXJzABAACAAAykDp7AAAABEACAAAzL4WUwAAAAEAEAOsCyYDq3L9AAUCrgAAvuwAAgBLTWFjaW50b3NoIEhEOlVzZXJzOgBqcHc0ODoARHJvcGJveDoAUGFwZXJzOgBSaWJib24gUHJvb2ZzIGZvciBTIzNBQzBFQjYucGRmAAAOAE4AJgBSAGkAYgBiAG8AbgAgAFAAcgBvAG8AZgBzACAAZgBvAHIAIABTAGUAcABhAHIAYQB0AGkAbwBuACAATABvAGcAaQBjAC4AcABkAGYADwAaAAwATQBhAGMAaQBuAHQAbwBzAGgAIABIAEQAEgBBVXNlcnMvanB3NDgvRHJvcGJveC9QYXBlcnMvUmliYm9uIFByb29mcyBmb3IgU2VwYXJhdGlvbiBMb2dpYy5wZGYAABMAAS8AABUAAgAM//8AAIAF0hwdHh9YJGNsYXNzZXNaJGNsYXNzbmFtZaMfICFdTlNNdXRhYmxlRGF0YVZOU0RhdGFYTlNPYmplY3RfEDwuLi8uLi8uLi8uLi8uLi9QYXBlcnMvUmliYm9uIFByb29mcyBmb3IgU2VwYXJhdGlvbiBMb2dpYy5wZGbSHB0kJaIlIVxOU0RpY3Rpb25hcnkSAAGGoF8QD05TS2V5ZWRBcmNoaXZlcgAIABEAFgAfACgAMgA1ADoAPABFAEsAUgBdAGUAbABvAHEAcwB2AHgAegB8AIYAkwCYAKAChgKIAo0ClgKhAqUCswK6AsMDAgMHAwoDFwMcAAAAAAAAAgEAAAAAAAAAKAAAAAAAAAAAAAAAAAAAAy4=},
	Bdsk-Url-1 = {http://www.cl.cam.ac.uk/~jpw48/ribbons.html}}
