%% This BibTeX bibliography file was created using BibDesk.
%% http://bibdesk.sourceforge.net/

%% Created for Jeremy Dubut at 2019-03-29 18:38:21 +0900 


%% Saved with string encoding Unicode (UTF-8) 

@Inbook{Bergman2015,
author="Bergman, George M.",
title="Lattices, Closure Operators, and Galois Connections",
bookTitle="An Invitation to General Algebra and Universal Constructions",
year="2015",
publisher="Springer International Publishing",
address="Cham",
pages="173--212",
isbn="978-3-319-11478-1",
doi="10.1007/978-3-319-11478-1_6",
url="https://doi.org/10.1007/978-3-319-11478-1_6"
}

@book{Schmidt1993,
author="Schmidt, Gunther
and Str{\"o}hlein, Thomas",
title="Relations and Graphs: Discrete Mathematics for Computer Scientists",
year="1993",
publisher="Springer Berlin Heidelberg",
address="Berlin, Heidelberg",
pages="5--27",
}

@book{gierz03,
	Author = {G. Gierz and K. H. Hofmann and K. Keimel and J. D. Lawson and M. W. Mislove and D. S. Scott},
	Date-Added = {2019-03-29 18:36:56 +0900},
	Date-Modified = {2019-03-29 18:38:15 +0900},
	Publisher = {Cambridge University Press},
	Title = {Continuous Lattices and Domains},
	Year = {2003}}

@book{abramski94,
	Author = {Samson Abramsky and Achim Jung},
	Date-Added = {2019-03-29 18:27:24 +0900},
	Date-Modified = {2019-03-29 18:30:21 +0900},
	Number = {III},
	Publisher = {Oxford University Press},
	Series = {Handbook of Logic in Computer Science},
	Title = {Domain Theory},
	Year = {1994}}

@book{davey02,
	Author = {B. A. Davey and H. A. Priestley},
	Date-Added = {2019-03-29 18:24:39 +0900},
	Date-Modified = {2019-03-29 18:25:37 +0900},
	Publisher = {Cambridge University Press},
	Title = {Introduction to Lattices and Order},
	Year = {2002}}

@article{mashburn83,
	Author = {J. D. Mashburn},
	Date-Added = {2019-03-27 22:36:00 +0900},
	Date-Modified = {2019-03-27 22:38:19 +0900},
	Journal = {Houston Journal of Mathematics},
	Number = {2},
	Pages = {231--244},
	Title = {The least fixed point property for omega-chain continuous functions},
	Volume = {9},
	Year = {1983}}

@article{tarski55,
	Author = {Alfred Tarski},
	Date-Added = {2019-03-27 11:16:30 +0900},
	Date-Modified = {2019-03-27 11:17:45 +0900},
	Journal = {Pacific Journal of Mathematics},
	Number = {2},
	Pages = {285--309},
	Title = {A lattice-theoretical fixpoint theorem and its applications},
	Volume = {5},
	Year = {1955}}

@article{trellis,
	Author = {Skala, H.L.},
	Doi = {10.1007/BF02944982},
	Issue = 1,
	Journal = {Algebra Univ.},
	Pages = {218--233},
	Title = {Trellis theory},
	Volume = 1,
	Year = 1971,
	Bdsk-Url-1 = {https://doi.org/10.1007/BF02944982}}

@article{SM13,
	Author = {Stouti, Abdelkader and Maaden, Abdelhakim},
	Doi = {10.4067/S0716-09172013000400008},
	Journal = {Proyecciones. Revista de Matem{\'a}tica},
	Number = {4},
	Pages = {409-418},
	Title = {Fixed points and common fixed points theorems in pseudo-ordered sets},
	Volume = {32},
	Year = {2013},
	Bdsk-Url-1 = {https://doi.org/10.4067/S0716-09172013000400008}}

@article{LN83,
	Author = {Leutola, K and Nieminen, J},
	Journal = {Algebra Universalis},
	Number = {1},
	Pages = {344--354},
	Publisher = {Springer},
	Title = {Posets and generalized lattices},
	Volume = {16},
	Year = {1983}}

@article{Bhatta05,
	Author = {Bhatta, S Parameshwara},
	Journal = {Czechoslovak Mathematical Journal},
	Number = {2},
	Pages = {365--369},
	Publisher = {Springer},
	Title = {Weak chain-completeness and fixed point property for pseudo-ordered sets},
	Volume = {55},
	Year = {2005}}

@article{PG11,
	Author = {Parameshwara Bhatta, S and George, Shiju},
	Journal = {Algebra and Discrete Mathematics},
	Number = {1},
	Pages = {17--22},
	Publisher = {Луганский национальный университет им. Т. Шевченко},
	Title = {Some fixed point theorems for pseudo ordered sets},
	Volume = {11},
	Year = {2011}}

@article{flyspeck,
	Author = {Hales, Thomas and Adams, Mark and Bauer, Gertrud and Dang, Tat Dat and Harrison, John and Le Truong, Hoang and Kaliszyk, Cezary and Magron, Victor and McLaughlin, Sean and Nguyen, Tat Thang and others},
	Journal = {Forum of Mathematics, Pi},
	Publisher = {Cambridge University Press},
	Title = {A formal proof of the {K}epler conjecture},
	Volume = {5},
	Year = {2017}}

@article{4color,
	Author = {Gonthier, Georges},
	Journal = {Notices of the AMS},
	Number = {11},
	Pages = {1382--1393},
	Title = {Formal proof -- the four-color theorem},
	Volume = {55},
	Year = {2008}}

@inproceedings{sel4,
	Author = {Klein, Gerwin and Elphinstone, Kevin and Heiser, Gernot and Andronick, June and Cock, David and Derrin, Philip and Elkaduwe, Dhammika and Engelhardt, Kai and Kolanski, Rafal and Norrish, Michael and others},
	Booktitle = {Proceedings of the ACM SIGOPS 22nd Symposium on Operating Systems principles},
	Organization = {ACM},
	Pages = {207--220},
	Title = {se{L}4: Formal verification of an {OS} kernel},
	Year = {2009}}

@inproceedings{isabelle/jedit,
	Author = {Wenzel, Makarius},
	Booktitle = {International Conference on Intelligent Computer Mathematics},
	Organization = {Springer},
	Pages = {468--471},
	Title = {{I}sabelle/j{E}dit--a Prover {IDE} within the {PIDE} framework},
	Year = {2012}}

@inproceedings{quickcheck,
	Acmid = {1030056},
	Address = {Washington, DC, USA},
	Author = {Berghofer, Stefan and Nipkow, Tobias},
	Booktitle = {Proceedings of the Software Engineering and Formal Methods, Second International Conference},
	Doi = {10.1109/SEFM.2004.36},
	OPIsbn = {0-7695-2222-X},
	Numpages = {10},
	Pages = {230--239},
	Publisher = {IEEE Computer Society},
	Series = {SEFM '04},
	Title = {Random Testing in {I}sabelle/{HOL}},
	Year = {2004},
	Bdsk-Url-1 = {http://dx.doi.org/10.1109/SEFM.2004.36}}

@inproceedings{nitpick,
	Address = {Berlin, Heidelberg},
	Author = {Blanchette, Jasmin Christian and Nipkow, Tobias},
	Booktitle = {Interactive Theorem Proving},
	Editor = {Kaufmann, Matt and Paulson, Lawrence C.},
	OPIsbn = {978-3-642-14052-5},
	Pages = {131--146},
	Publisher = {Springer Berlin Heidelberg},
	Title = {Nitpick: A Counterexample Generator for Higher-Order Logic Based on a Relational Model Finder},
	Year = {2010}}

@inproceedings{codegen,
	Author = {Haftmann, Florian and Nipkow, Tobias},
	Booktitle = {Theorem Proving in Higher Order Logics (TPHOLs 2007)},
	Pages = {128--143},
	Series = {Lecture Notes in Computer Science},
	Title = {A code generator framework for {I}sabelle/{HOL}},
	Volume = {4732},
	Year = {2007}}

@inproceedings{locale,
	Address = {Berlin, Heidelberg},
	Author = {Ballarin, Clemens},
	Booktitle = {Mathematical Knowledge Management},
	Doi = {10.1007/11812289_4},
	Editor = {Borwein, Jonathan M. and Farmer, William M.},
	OPIsbn = {978-3-540-37106-9},
	Pages = {31--43},
	Publisher = {Springer Berlin Heidelberg},
	Title = {Interpretation of Locales in {I}sabelle: Theories and Proof Contexts},
	Year = {2006},
	Bdsk-Url-1 = {https://doi.org/10.1007/11812289_4}}

@inproceedings{Kammuller00,
	Address = {Berlin, Heidelberg},
	Author = {Kamm{\"u}ller, Florian},
	Booktitle = {Automated Deduction - CADE-17},
	Doi = {10.1007/10721959_7},
	Editor = {McAllester, David},
	OPIsbn = {978-3-540-45101-3},
	Pages = {99--114},
	Publisher = {Springer Berlin Heidelberg},
	Title = {Modular Reasoning in {I}sabelle},
	Year = {2000},
	Bdsk-Url-1 = {https://doi.org/10.1007/10721959_7}}
@inproceedings{isafor,
  title={Certification of termination proofs using {CeTA}},
  author={Thiemann, Ren{\'e} and Sternagel, Christian},
  booktitle={International Conference on Theorem Proving in Higher Order Logics},
  pages={452--468},
  year={2009},
  organization={Springer}
}
@book{Isabelle,
	Author = {T.~Nipkow and L.C.~Paulson and M.~Wenzel},
	Publisher = {Springer},
	Series = {LNCS},
	Title = {{Isabelle/HOL} -- A Proof Assistant for Higher-Order Logic},
	Volume = 2283,
	Year = 2002
}
@inproceedings{hol4,
  title={A brief overview of {HOL4}},
  author={Slind, Konrad and Norrish, Michael},
  booktitle={International Conference on Theorem Proving in Higher Order Logics},
  pages={28--32},
  year={2008},
  organization={Springer}
}
@inproceedings{hol-light,
  title={{HOL} light: An overview},
  author={Harrison, John},
  booktitle={International Conference on Theorem Proving in Higher Order Logics},
  pages={60--66},
  year={2009},
  organization={Springer}
}
@inproceedings{agda,
  title={A brief overview of {A}gda -- a functional language with dependent types},
  author={Bove, Ana and Dybjer, Peter and Norell, Ulf},
  booktitle={International Conference on Theorem Proving in Higher Order Logics},
  pages={73--78},
  year={2009},
  organization={Springer}
}
@book{coq,
  title={Certified programming with dependent types: a pragmatic introduction to the Coq proof assistant},
  author={Chlipala, Adam},
  year={2013},
  publisher={MIT Press}
}
@inproceedings{compcert,
  title={Formal {C} semantics: {C}omp{C}ert and the {C} standard},
  author={Krebbers, Robbert and Leroy, Xavier and Wiedijk, Freek},
  booktitle={International Conference on Interactive Theorem Proving},
  pages={543--548},
  year={2014},
  organization={Springer}
}
@inproceedings{sledgehammer,
  title={Sledgehammer: judgement day},
  author={B{\"o}hme, Sascha and Nipkow, Tobias},
  booktitle={International Joint Conference on Automated Reasoning},
  pages={107--121},
  year={2010},
  organization={Springer}
}



