@Unpublished{gouezel_karlsson,
  Title                    = {Subadditive and multiplicative ergodic theorems},
  Author                   = {Gou{\"e}zel, S{\'e}bastien and Karlsson, Anders},
  Note                     = {preprint},
  Year                     = {2015},

  Keywords                 = {gouezel}
}


@unpublished{gouezel_normalizing_sequences,
  title = {Growth of normalizing sequences in limit theorems for conservative maps},
  Author                   = {Gou{\"e}zel, S{\'e}bastien},
  Note                     = {preprint},
  Year                     = {2018},
}
