@STRING{afp		= {Archive of Formal Proofs}}
@STRING{jlamp		= {Journal of Logical and Algebraic Methods in Programming}}
@STRING{lncs		= {Lecture Notes in Computer Science}}
@STRING{sv		= {Springer}}
@STRING{tcs		= {Theoretical Computer Science}}

@InProceedings{Guttmann2016c,
	author		= {Guttmann, W.},
	title		= {Relation-Algebraic Verification of {Prim's} Minimum Spanning Tree Algorithm},
	editor		= {Sampaio, A. and Wang, F.},
	booktitle	= {Theoretical Aspects of Computing -- ICTAC 2016},
	publisher	= sv,
	series		= lncs,
	volume		= 9965,
	pages		= {51--68},
	year		= 2016,
	note		= {}
}

@InProceedings{Guttmann2017b,
	author		= {Guttmann, W.},
	title		= {Stone Relation Algebras},
	editor		= {H{\"o}fner, P. and Pous, D. and Struth, G.},
	booktitle	= {Relational and Algebraic Methods in Computer Science},
	publisher	= sv,
	series		= lncs,
	volume		= 10226,
	pages		= {127--143},
	year		= 2017,
	note		= {}
}

@Article{Guttmann2017c,
	author		= {Guttmann, W.},
	title		= {Stone-{Kleene} Relation Algebras},
	journal		= afp,
	year		= 2017,
	note		= {}
}

@Article{Guttmann2018a,
	author		= {Guttmann, W.},
	title		= {An Algebraic Framework for Minimum Spanning Tree Problems},
	journal		= tcs,
	year		= 2018,
	note		= {\url{https://doi.org/10.1016/j.tcs.2018.04.012}}
}

@Article{Guttmann2018b,
	author		= {Guttmann, W.},
	title		= {Verifying Minimum Spanning Tree Algorithms with {Stone} Relation Algebras},
	journal		= jlamp,
	year		= 2018,
	note		= {\url{https://doi.org/10.1016/j.jlamp.2018.09.005}}
}

