@book {Abramenko+Brown:Buildings,
    AUTHOR = {Abramenko, Peter and Brown, Kenneth S.},
     TITLE = {Buildings: Theory and applications},
    SERIES = {Graduate Texts in Mathematics},
    VOLUME = {248},
 PUBLISHER = {Springer-Verlag},
   ADDRESS = {New York},
      YEAR = {2010},
     PAGES = {xxi+747},
      ISBN = {978-0-387-78835-7},
}

@book {Garrett:Buildings,
    AUTHOR = {Garrett, Paul},
     TITLE = {Buildings and classical groups},
 PUBLISHER = {Chapman \& Hall},
   ADDRESS = {London},
      YEAR = {1997},
     PAGES = {xii+373},
      ISBN = {0-412-06331-X},
   MRCLASS = {20G25 (20E42 51E24)},
  MRNUMBER = {1449872 (98k:20081)},
MRREVIEWER = {Herbert Abels},
       DOI = {10.1007/978-94-011-5340-9},
       URL = {https://doi.org/10.1007/978-94-011-5340-9},
}

@book {Johnson:GroupPres,
    AUTHOR = {Johnson, D. L.},
     TITLE = {Presentations of groups},
   EDITION = 2,
 PUBLISHER = {Cambridge University Press},
   ADDRESS = {Cambridge, U.K},
      YEAR = {1997},
     PAGES = {x+216},
      ISBN = {0-521-58542-2},
}

@article{Sylvestre-AFP15,
  author =   {Jeremy Sylvestre},
  title =    {Representations of finite groups},
  journal =  {Archive of Formal Proofs},
  month =    Aug,
  year =     2015,
  note =     {\url{https://www.isa-afp.org/entries/Rep_Fin_Groups.shtml}, Formal proof development},
  ISSN =     {2150-914x}
}
