@PhdThesis{phd:Mantel2003,
  author = 	 {H.\ Mantel},
  title = 	 {{A Uniform Framework for the Formal Specification and Verification of Information Flow Security}},
  school = 	 {Saarland University},
  year = 	 {2003},
  OPTkey = 	 {},
  OPTtype = 	 {},
  address = 	 {Saarbr\"ucken, Germany},
  OPTmonth = 	 {},
  OPTnote = 	 {},
  OPTannote = 	 {}
}

@InProceedings{inp:Mantel2000a,
  author = 	 {H.\ Mantel},
  OPTauthor = 	 {Heiko Mantel},
  title = 	 {{Possibilistic Definitions of Security -- An Assembly Kit}},
  booktitle = 	 {Proceedings of the 13th IEEE Computer Security Foundations Workshop (CSFW)},
  pages = 	 {185--199},
  year = 	 {2000},
  OPTaddress = 	 {Cambridge, UK},
  OPTmonth = 	 {July 3--5},
  OPTpublisher = {IEEE Computer Society},
}


@TechReport{tr:GreweMantelTaschGaySudbrock2018a,
  author	= {Sylvia Grewe and Heiko Mantel and Markus Tasch and Richard
		  Gay and Henning Sudbrock},
  title		= {{I-MAKS  -- A Framework for Information-Flow Security in
		  Isabelle/HOL}},
  institution	= {TU Darmstadt},
  year		= 2018,
  number	= {TUD-CS-2018-0056}
}
