
@misc{oxley,
    title = {What is a Matroid?},
    author = {James Oxley},
    year = {2003},
    url= {http://www.math.lsu.edu/~oxley/survey4.pdf}
}

