@article{blum_smith_coskey13,
author = {Blum-Smith, Ben and Coskey, Samuel},
year = {2013},
month = {01},
pages = {},
title = {The Fundamental Theorem on Symmetric Polynomials: History's First Whiff of {G}alois Theory},
volume = {48},
booktitle = {The College Mathematics Journal}
}
