@misc{Wiedijk100,author={Freek Wiedijk},title={Formalizing 100 Theorems},
howpublished="\url{http://www.cs.ru.nl/~freek/100/}"}
