@STRING{afp		= {Archive of Formal Proofs}}
@STRING{bic		= {Bulletin of Informatics and Cybernetics}}
@STRING{cup		= {Cambridge University Press}}
@STRING{ebv		= {Elsevier B.V.}}
@STRING{esbv		= {Elsevier Science B.V.}}
@STRING{esp		= {Elsevier Science Publishers}}
@STRING{is		= {Information Sciences}}
@STRING{jmaa		= {Journal of Mathematical Analysis and Applications}}
@STRING{lncs		= {Lecture Notes in Computer Science}}
@STRING{ph		= {Prentice Hall}}
@STRING{sv		= {Springer}}

@Article{AartsBackhouseBoitenDoornbosGasterenGeldropHoogendijkVoermansWoude1995,
	author		= {Aarts, C. J. and Backhouse, R. C. and Boiten, E. A. and Doornbos, H. and van Gasteren, N. and van Geldrop, R. and Hoogendijk, P. F. and Voermans, E. and van der Woude, J.},
	title		= {Fixed-Point Calculus},
	journal		= ipl,
	volume		= 53,
	number		= 3,
	pages		= {131--136},
	year		= 1995,
	note		= {}
}

@Article{AndrekaMikulas2011,
	author		= {Andr{\'e}ka, H. and Mikul{\'a}s, Sz.},
	title		= {Axiomatizability of positive algebras of binary relations},
	journal		= {Algebra Universalis},
	volume		= 66,
	number		= {1--2},
	pages		= {7--34},
	year		= 2011,
	note		= {}
}

@Article{ArmstrongFosterStruthWeber2016,
	author		= {Armstrong, A. and Foster, S. and Struth, G. and Weber, T.},
	title		= {Relation Algebra},
	journal		= afp,
	year		= {2016, first version 2014},
	note		= {}
}

@Article{ArmstrongGomesStruthWeber2016,
	author		= {Armstrong, A. and Gomes, V. B. F. and Struth, G. and Weber, T.},
	title		= {Kleene Algebra},
	journal		= afp,
	year		= {2016, first version 2013},
	note		= {}
}

@Book{Berghammer2012,
	author		= {Berghammer, R.},
	title		= {Ordnungen, Verb{\"a}nde und Relationen mit Anwendungen},
	publisher	= sv,
	edition		= {Second},
	year		= 2012,
	note		= {}
}

@InProceedings{BerghammerGuttmann2015b,
	author		= {Berghammer, R. and Guttmann, W.},
	title		= {Closure, Properties and Closure Properties of Multirelations},
	editor		= {Kahl, W. and Winter, M. and Oliveira, J. N.},
	booktitle	= {Relational and Algebraic Methods in Computer Science},
	publisher	= sv,
	series		= lncs,
	volume		= 9348,
	pages		= {67--83},
	year		= 2015,
	note		= {}
}

@Book{BirdMoor1997,
	author		= {Bird, R. and de Moor, O.},
	title		= {Algebra of Programming},
	publisher	= ph,
	year		= 1997,
	note		= {}
}

@Article{BredihinSchein1978,
	author		= {Bredihin, D. A. and Schein, B. M.},
	title		= {Representations of Ordered Semigroups and Lattices by Binary Relations},
	journal		= {Colloquium Mathematicum},
	volume		= 39,
	number		= 1,
	pages		= {1--12},
	year		= 1978,
	note		= {}
}

@InProceedings{Comer1993,
	author		= {Comer, S. D.},
	title		= {On connections between information systems, rough sets and algebraic logic},
	editor		= {Rauszer, C.},
	booktitle	= {Algebraic Methods in Logic and in Computer Science},
	organization	= {Institute of Mathematics, Polish Academy of Sciences},
	series		= {Banach Center Publications},
	volume		= 28,
	pages		= {117--124},
	year		= 1993,
	note		= {}
}

@Book{DaveyPriestley2002,
	author		= {Davey, B. A. and Priestley, H. A.},
	title		= {Introduction to Lattices and Order},
	publisher	= cup,
	edition		= {Second},
	year		= 2002,
	note		= {}
}

@Book{FreydScedrov1990,
	author		= {Freyd, P. J. and {\v{S}}{\v{c}}edrov, A.},
	title		= {Categories, Allegories},
	publisher	= esp,
	series		= {North-Holland Mathematical Library},
	volume		= 39,
	year		= 1990,
	note		= {}
}

@Article{Goguen1967,
	author		= {Goguen, J. A.},
	title		= {L-Fuzzy Sets},
	journal		= jmaa,
	volume		= 18,
	number		= 1,
	pages		= {145--174},
	year		= 1967,
	note		= {}
}

@Article{Guttmann2012c,
	author		= {Guttmann, W.},
	title		= {Algebras for Iteration and Infinite Computations},
	journal		= acta,
	volume		= 49,
	number		= 5,
	pages		= {343--359},
	year		= 2012,
	note		= {}
}

@Article{Guttmann2016b,
	author		= {Guttmann, W.},
	title		= {Stone Algebras},
	journal		= afp,
	year		= 2016,
	note		= {}
}

@InProceedings{Guttmann2016c,
	author		= {Guttmann, W.},
	title		= {Relation-Algebraic Verification of {Prim's} Minimum Spanning Tree Algorithm},
	editor		= {Sampaio, A. and Wang, F.},
	booktitle	= {Theoretical Aspects of Computing -- ICTAC 2016},
	publisher	= sv,
	series		= lncs,
	volume		= 9965,
	pages		= {51--68},
	year		= 2016,
	note		= {}
}

@InProceedings{Guttmann2017b,
	author		= {Guttmann, W.},
	title		= {Stone Relation Algebras},
	editor		= {H{\"o}fner, P. and Pous, D. and Struth, G.},
	booktitle	= {Relational and Algebraic Methods in Computer Science},
	publisher	= sv,
	series		= lncs,
	volume		= 10226,
	pages		= {127--143},
	year		= 2017,
	note		= {}
}

@Book{HirschHodkinson2002,
	author		= {Hirsch, R. and Hodkinson, I.},
	title		= {Relation Algebras by Games},
	publisher	= esbv,
	year		= 2002,
	note		= {}
}

@Article{KawaharaFurusawa2001,
	author		= {Kawahara, Y. and Furusawa, H.},
	title		= {Crispness in {Dedekind} Categories},
	journal		= bic,
	volume		= 33,
	number		= {1--2},
	pages		= {1--18},
	year		= 2001,
	note		= {}
}

@Article{KawaharaFurusawaMori1999,
	author		= {Kawahara, Y. and Furusawa, H. and Mori, M.},
	title		= {Categorical representation theorems of fuzzy relations},
	journal		= is,
	volume		= 119,
	number		= {3--4},
	pages		= {235--251},
	year		= 1999,
	note		= {}
}

@Article{Maddux1996,
	author		= {Maddux, R. D.},
	title		= {Relation-algebraic semantics},
	journal		= tcs,
	volume		= 160,
	number		= {1--2},
	pages		= {1--85},
	year		= 1996,
	note		= {}
}

@Book{Maddux2006,
	author		= {Maddux, R. D.},
	title		= {Relation Algebras},
	publisher	= ebv,
	year		= 2006,
	note		= {}
}

@InProceedings{Oliveira2009,
	author		= {Oliveira, J. N.},
	title		= {Extended Static Checking by Calculation Using the Pointfree Transform},
	editor		= {Bove, A. and Barbosa, L. S. and Pardo, A. and Pinto, J. S.},
	booktitle	= {Language Engineering and Rigorous Software Development},
	publisher	= sv,
	series		= lncs,
	volume		= 5520,
	pages		= {195--251},
	year		= 2009,
	note		= {}
}

@InProceedings{Parikh1983,
	author		= {Parikh, R.},
	title		= {Propositional logics of programs: new directions},
	editor		= {Karpinski, M.},
	booktitle	= {Foundations of Computation Theory},
	publisher	= sv,
	series		= lncs,
	volume		= 158,
	pages		= {347--359},
	year		= 1983,
	note		= {}
}

@Article{Pawlak1996,
	author		= {Pawlak, Z.},
	title		= {Rough Sets, Rough Relations and Rough Functions},
	journal		= {Fundamenta Informaticae},
	volume		= 27,
	number		= {2--3},
	pages		= {103--108},
	year		= 1996,
	note		= {}
}

@Article{Peleg1987,
	author		= {Peleg, D.},
	title		= {Concurrent Dynamic Logic},
	journal		= jacm,
	volume		= 34,
	number		= 2,
	pages		= {450--479},
	year		= 1987,
	note		= {}
}

@Book{Schmidt2011,
	author		= {Schmidt, G.},
	title		= {Relational Mathematics},
	publisher	= cup,
	year		= 2011,
	note		= {}
}

@Book{SchmidtStroehlein1993,
	author		= {Schmidt, G. and Str{\"o}hlein, T.},
	title		= {Relations and Graphs},
	publisher	= sv,
	year		= 1993,
	note		= {}
}

@Article{Tarski1941,
	author		= {Tarski, A.},
	title		= {On the calculus of relations},
	journal		= {The Journal of Symbolic Logic},
	volume		= 6,
	number		= 3,
	pages		= {73--89},
	year		= 1941,
	note		= {}
}

@Article{Winter2001b,
	author		= {Winter, M.},
	title		= {A new algebraic approach to {L-fuzzy} relations convenient to study crispness},
	journal		= is,
	volume		= 139,
	number		= {3--4},
	pages		= {233--252},
	year		= 2001,
	note		= {}
}

