@article{Huet1978,
  title = {An algorithm to generate the basis of solutions to homogeneous linear diophantine equations},
  author = "GÃ©rard Huet",
  journal = {Information Processing Letters},
  volume = 7,
  number = 3,
  pages = {144-147},
  year = 1978,
  note = {},
  doi = {10.1016/0020-0190(78)90078-9},
}

