@article{DBLP:journals/cacm/Bentley75,
  author    = {Jon Louis Bentley},
  title     = {Multidimensional Binary Search Trees Used for Associative Searching},
  journal   = {Commun. {ACM}},
  volume    = {18},
  number    = {9},
  pages     = {509--517},
  year      = {1975},
  url       = {http://doi.acm.org/10.1145/361002.361007},
  doi       = {10.1145/361002.361007},
  timestamp = {Wed, 14 Nov 2018 10:22:32 +0100},
  biburl    = {https://dblp.org/rec/bib/journals/cacm/Bentley75},
  bibsource = {dblp computer science bibliography, https://dblp.org}
}

@article{DBLP:journals/toms/FriedmanBF77,
  author    = {Jerome H. Friedman and
               Jon Louis Bentley and
               Raphael A. Finkel},
  title     = {An Algorithm for Finding Best Matches in Logarithmic Expected Time},
  journal   = {{ACM} Trans. Math. Softw.},
  volume    = {3},
  number    = {3},
  pages     = {209--226},
  year      = {1977},
  url       = {https://doi.org/10.1145/355744.355745},
  doi       = {10.1145/355744.355745},
  timestamp = {Wed, 14 Nov 2018 10:12:56 +0100},
  biburl    = {https://dblp.org/rec/bib/journals/toms/FriedmanBF77},
  bibsource = {dblp computer science bibliography, https://dblp.org}
}