
@book{pflueger10spatially,
    address = {M{\"{u}}nchen},
    author = {Pfl{\"{u}}ger, Dirk},
    institution = {Institut f{\"{u}}r Informatik, Technische Universit{\"{a}}t M{\"{u}}nchen},
    month = aug,
    organization = {Institut f{\"{u}}r Informatik, Technische Universit{\"{a}}t M{\"{u}}nchen},
    publisher = {Verlag Dr. Hut},
    title = {Spatially Adaptive Sparse Grids for High-Dimensional Problems},
    year = {2010},
    ISBN = {9783868535556},
    URL = {http://www5.in.tum.de/pub/pflueger10spatially.pdf}
}

@unpublished{hoelzl09updown,
  author = {Johannes H{\"o}lzl},
  title  = {{Automatischer Korrektheitsbeweis von Algorithmen zur hierarchischen Basistransformation}},
  year   = {2009},
  note   = {{IDP}, Institut f{\"{u}}r Informatik, Technische Universit{\"{a}}t M{\"{u}}nchen}
}
  


