@Book{lee,
  title="Introduction to Smooth Manifolds",
  author="John M. Lee",
  publisher="Springer-Verlag",
  address="New York",
  year="2012"
}