@article{SleatorT-SIAM86,author={Daniel D. Sleator and Robert E. Tarjan},
title={Self-adjusting Heaps},journal={SIAM J. Comput.},
volume=15,number=1,pages={52-69},year=1986}

