@book{clrs_solutions,
  author    = {Thomas H. Cormen and
               Clara Lee and
               Erica Lin},
  title     = {Instructor's Manual to accompany Introduction to Algorithms, 2nd Edition},
  publisher = {{MIT} Press},
  year      = {2002}
}
