@article{Tergan,author={Bernhard Tergan},
title={{Das allgemeine Dreieck}},
journal={Praxis der Mathematik},
volume="23",
year="1981",
pages="48-51",
}
