@article{DBLP:journals/corr/NagashimaK16,
  author    = {Yutaka Nagashima and
               Ramana Kumar},
  title     = {A Proof Strategy Language and Proof Script Generation for Isabelle},
  journal   = {CoRR},
  volume    = {abs/1606.02941},
  year      = {2016},
  url       = {http://arxiv.org/abs/1606.02941},
  timestamp = {Fri, 01 Jul 2016 17:39:49 +0200},
  biburl    = {http://dblp.uni-trier.de/rec/bib/journals/corr/NagashimaK16},
  bibsource = {dblp computer science bibliography, http://dblp.org}
}
