@article{akrabazzi,
year={1998},
issn={0926-6003},
journal={Computational Optimization and Applications},
volume={10},
number={2},
doi={10.1023/A:1018373005182},
title={On the Solution of Linear Recurrence Equations},
url={https://doi.org/10.1023/A%3A1018373005182},
publisher={Kluwer Academic Publishers},
keywords={Divide and conquer; Linear recurrence; Running time; Algorithm; Order transform; Order of growth},
author={Akra, Mohamad and Bazzi, Louay},
pages={195--210}
}

@UNPUBLISHED{leighton,
    author = {Tom Leighton},
    title = {Notes on Better {M}aster Theorems for Divide-and-Conquer Recurrences},
    howpublished = {Lecture notes, MIT},
    year = {1996},
    url= {http://courses.csail.mit.edu/6.046/spring04/handouts/akrabazzi.pdf}
}

