@article{Fredkin,
 author = {Fredkin, Edward},
 title = {Trie Memory},
 journal = {Commun. ACM},
 volume = {3},
 number = {9},
 month = sep,
 year = {1960},
 pages = {490--499},
 publisher = {ACM}
} 


