@article{hancl2005,
	author = "Han\v{c}l, J. and Rucki, P.",
	title = "The transcendence of certain infinite series",
		journal = "Rocky Mountain Journal of Mathematics",
		
			volume = "35",	number = "2",
	year = "2005",
	pages = "531--537",
	publisher = "Rocky Mountain Mathematics Consortium",
	url = "https://doi.org/10.1216/rmjm/1181069744"}

@article{roth_1955, author={Roth, K. F.}, title={Rational approximations to algebraic numbers},  journal={Mathematika}, volume={2}, part={1},  number={3},   year={1955}, pages={1--20},  publisher={London Mathematical Society and University College London},  DOI={10.1112/S0025579300000644}}.

