
@article{Younger1967,
author = "Daniel H. Younger",
title = "Recognition and parsing of context-free languages in time n3 ",
journal = "Information and Control ",
volume = "10",
number = "2",
pages = "189 - 208",
year = "1967",
note = "",
issn = "0019-9958",
doi = "https://doi.org/10.1016/S0019-9958(67)80007-X",
url = "http://www.sciencedirect.com/science/article/pii/S001999586780007X"
}



