@misc{apk,author={Alexander Katovsky},title="Category Theory in {Isabelle/HOL}",
year=2010,note={\url{http://www.srcf.ucam.org/~apk32/Isabelle/Category/Cat.pdf}}}
