@inproceedings{DBLP:conf/lics/EsparzaKS18,
  author    = {Javier Esparza and
               Jan Kret{\'{\i}}nsk{\'{y}} and
               Salomon Sickert},
  title     = {One Theorem to Rule Them All: {A} Unified Translation of {LTL} into
               {\(\omega\)}-Automata},
  booktitle = {Proceedings of the 33rd Annual {ACM/IEEE} Symposium on Logic in Computer
               Science, {LICS} 2018, Oxford, UK, July 09-12, 2018},
  pages     = {384--393},
  year      = {2018},
  crossref  = {DBLP:conf/lics/2018},
  url       = {https://doi.org/10.1145/3209108.3209161},
  doi       = {10.1145/3209108.3209161},
  timestamp = {Wed, 21 Nov 2018 12:44:18 +0100},
  biburl    = {https://dblp.org/rec/bib/conf/lics/EsparzaKS18},
  bibsource = {dblp computer science bibliography, https://dblp.org}
}

@proceedings{DBLP:conf/lics/2018,
  editor    = {Anuj Dawar and
               Erich Gr{\"{a}}del},
  title     = {Proceedings of the 33rd Annual {ACM/IEEE} Symposium on Logic in Computer
               Science, {LICS} 2018, Oxford, UK, July 09-12, 2018},
  publisher = {{ACM}},
  year      = {2018},
  url       = {https://doi.org/10.1145/3209108},
  doi       = {10.1145/3209108},
  timestamp = {Wed, 21 Nov 2018 12:44:18 +0100},
  biburl    = {https://dblp.org/rec/bib/conf/lics/2018},
  bibsource = {dblp computer science bibliography, https://dblp.org}
}
