
@inproceedings{ Gafni00disk,
  author =	 "Eli Gafni and Leslie Lamport",
  title =	 "Disk {P}axos",
  booktitle =	 "International Symposium on Distributed Computing",
  pages =	 "330-344",
  year =	 "2000",
  url =		 "citeseer.ist.psu.edu/721171.html"
}

@article{ Lamport95how,
  author =	 "Leslie Lamport",
  title =	 "How to write a proof",
  journal =	 "American Mathematical Monthly",
  volume =	 "102",
  number =	 "7",
  month =	 "\slash",
  pages =	 "600--608",
  year =	 "1995",
  url =		 "citeseer.ist.psu.edu/387679.html"
}

@article{ Lamport98parttime,
  author =	 "Leslie Lamport",
  title =	 "The Part-Time Parliament",
  journal =	 "ACM Transactions on Computer Systems",
  volume =	 "16",
  number =	 "2",
  pages =	 "133--169",
  year =	 "1998",
  url =		 "citeseer.ist.psu.edu/lamport89parttime.html"
}

@book{LamportTLA:2002,
  author =	 {Leslie Lamport},
  title =	 {Specifying Systems: The TLA+ Language and Tools for
                  Hardware and Software Engineers},
  year =	 {2002},
  isbn =	 {032114306X},
  publisher =	 {Addison-Wesley Longman Publishing Co., Inc.},
  address =	 {Boston, MA, USA},
}

@ARTICLE{Merz:logictlaplus,
  CRINNUMBER =	 {A03-R-060},
  CATEGORY =	 {1},
  EQUIPE =	 {MOSEL},
  AUTHOR =	 {Merz, Stephan},
  TITLE =	 {On the Logic of {TLA}{\textsuperscript{+}}},
  JOURNAL =	 {Computers and Informatics},
  YEAR =	 2003,
  volume =	 22,
  pages =	 {351--379},
  URL =		 {http://www.loria.fr/~merz/papers/tla+logic.html},
}

@Book{Nipkow-Paulson-Wenzel:2002,
  author =	 {Tobias Nipkow and Lawrence C. Paulson and Markus
                  Wenzel},
  title =	 {Isabelle/HOL --- A Proof Assistant for Higher-Order
                  Logic},
  publisher =	 {Springer},
  series =	 {LNCS},
  volume =	 2283,
  year =	 2002
}

@inproceedings{Nipkow-TYPES02,
  author =	 {Tobias Nipkow},
  title =	 {{Structured Proofs in Isar/HOL}},
  booktitle =	 {Types for Proofs and Programs (TYPES 2002)},
  editor =	 {H. Geuvers and F. Wiedijk},
  year =	 2003,
  publisher =	 Springer,
  series =	 LNCS,
  volume =	 2646,
  pages =	 {259-278}
}

@misc{ Pacheco-reasoning,
  author =	 "Carlos Pacheco",
  title =	 "Reasoning about {TLA} Actions",
  year =	 "2001",
  url =		 "citeseer.csail.mit.edu/pacheco01reasoning.html"
}

@article{ Schneider90implementing,
  author =	 "Fred B. Schneider",
  title =	 "Implementing Fault-Tolerant Services Using the State
                  Machine Approach: {A} Tutorial",
  journal =	 "ACM Computing Surveys",
  volume =	 "22",
  number =	 "4",
  pages =	 "299--319",
  year =	 "1990",
  url =		 "citeseer.ist.psu.edu/schneider90implementing.html"
}

@misc{ Wenzel-isabelleisar,
  author =	 "Markus Wenzel",
  title =	 "The Isabelle/Isar Reference Manual",
  text =	 "Markus Wenzel. The Isabelle/Isar Reference Manual.",
  url =
                  "citeseer.ist.psu.edu/article/wenzel01isabelleisar.html"
}

@phdthesis{ Wenzel02isabelleisar,
  author =	 "Markus M. Wenzel",
  title =	 "{I}sabelle/{Isar} --- a versatile environment for
                  human-readable formal proof documents",
  school =	 "Institut fur Informatik, TU M{\"u}nchen",
  year =	 "2002",
  url =		 "citeseer.ist.psu.edu/wenzel02isabelleisar.html"
}

@book{ACLBook,
  author =	 {Matt Kaufmann and J. Strother Moore and Panagiotis
                  Manolios},
  title =	 {Computer-Aided Reasoning: An Approach},
  year =	 {2000},
  isbn =	 {0792377443},
  publisher =	 {Kluwer Academic Publishers},
  address =	 {Norwell, MA, USA},
}

