@Article{alpern85:_defin_liven,
  author = 	 {Bowen Alpern and Fred B.\ Schneider},
  title = 	 {{D}efining {L}iveness},
  journal = 	 {Information Processing Letters},
  year = 	 1985,
  volume =	 21,
  number =	 4,
  pages =	 {181--185},
  month =	 {Oct.}
}


@Book{mccarty67:_topol,
  author =	 {George McCarty},
  title = 	 {Topology : an introduction with application to topological groups},
  publisher = 	 {Graw-Hill},
  year = 	 1967,
  series =	 {International series in pure and applied mathematics},
  address =	 {New York}
}



@Book{querenburg01:_mengen_topol,
  author =	 {Boto von Querenburg},
  title = 	 {Mengentheoretische Topologie},
  publisher = 	 {Springer},
  year = 	 2001,
  address =	 {Heidelberg},
  edition =	 {3.}
}

