@book{aigner,
  title={Das Buch der Beweise},
  author={Aigner, M. and Ziegler, G.M.},
  isbn={3540401857},
  year={2004},
  publisher={Springer}
}
