@inproceedings{CLS07,
    author = {Duncan Coutts and Roman Leshchinskiy and Don Stewart},
    title  = {Stream Fusion: From Lists to Streams to Nothing at All},
    booktitle = {Proceedings of the ACM SIGPLAN International Conference on Functional Programming, ICFP 2007},
    year   = 2007,
    month  = apr,
}
