@inproceedings{HuttonW04,author={Graham Hutton and Joel Wright},
title={Compiling Exceptions Correctly},
booktitle={Proc.\ Conf.\ Mathematics of Program Construction},
series={LNCS},year=2004}
