
@book{AX97,
	author		= {Sheldon Axler},
	title		= {Linear Algebra Done Right},
	publisher	= {Springer},
	edition		= {2nd},
	year		= {1997}
}

@book{GO10,
	author		= {Mark S. Gockenbach},
	title		= {Finite Dimensional Linear Algebra},
	publisher	= {CRC Press},
	year		= {2010}
}
