@book{catalan,
  author = "Steven Roman",
  title = "An Introduction to Catalan Numbers",
  publisher = "Birkh{\"a}user Basel",
  year = 2015,
  isbn = "978-3-319-22143-4"
}
