@unpublished{riedel_mathse_2014,
title={Bernoulli numbers explicit form},
note={\url{https://math.stackexchange.com/a/784156/67576}},
author={Marko Riedel},
year={2014}
}

@Article{aki_tani1999,
	author="Akiyama, Shigeki
		and Tanigawa, Yoshio",
	title="Multiple Zeta Values at Non-Positive Integers",
	journal="The Ramanujan Journal",
	year="2001",
	volume="5",
	number="4",
	pages="327--351",
	issn="1572-9303",
	doi="10.1023/A:1013981102941",
	url="https://doi.org/10.1023/A:1013981102941"
}

@ARTICLE{kaneko2000,
   author = {{Kaneko}, M.},
   title = "{The {A}kiyama--{T}anigawa algorithm for {B}ernoulli numbers}",
   journal = {Journal of Integer Sequences},
   year = 2000,
   volume = 3,
}
