@article{hancl,
	title={Irrational rapidly convergent series},
	author={Hancl, JAROSLAV},
	journal={Rend. Sem. Mat. Univ. Padova},
	volume={107},
	pages={225--231},
	year={2002}
}