@inproceedings{DBLP:conf/tacas/BabiakKRS12,
  author    = {Tom{\'{a}}s Babiak and
               Mojm{\'{\i}}r Kret{\'{\i}}nsk{\'{y}} and
               Vojtech Reh{\'{a}}k and
               Jan Strejcek},
  title     = {{LTL} to B{\"{u}}chi Automata Translation: Fast and More Deterministic},
  booktitle = {Tools and Algorithms for the Construction and Analysis of Systems
               - 18th International Conference, {TACAS} 2012, Held as Part of the
               European Joint Conferences on Theory and Practice of Software, {ETAPS}
               2012, Tallinn, Estonia, March 24 - April 1, 2012. Proceedings},
  pages     = {95--109},
  year      = {2012},
  crossref  = {DBLP:conf/tacas/2012},
  url       = {https://doi.org/10.1007/978-3-642-28756-5_8},
  doi       = {10.1007/978-3-642-28756-5_8},
  timestamp = {Wed, 07 Jan 2015 18:21:20 +0100},
  biburl    = {http://dblp.dagstuhl.de/rec/bib/conf/tacas/BabiakKRS12},
  bibsource = {dblp computer science bibliography, http://dblp.org}
}

@proceedings{DBLP:conf/tacas/2012,
  editor    = {Cormac Flanagan and
               Barbara K{\"{o}}nig},
  title     = {Tools and Algorithms for the Construction and Analysis of Systems
               - 18th International Conference, {TACAS} 2012, Held as Part of the
               European Joint Conferences on Theory and Practice of Software, {ETAPS}
               2012, Tallinn, Estonia, March 24 - April 1, 2012. Proceedings},
  series    = {Lecture Notes in Computer Science},
  volume    = {7214},
  publisher = {Springer},
  year      = {2012},
  url       = {https://doi.org/10.1007/978-3-642-28756-5},
  doi       = {10.1007/978-3-642-28756-5},
  isbn      = {978-3-642-28755-8},
  timestamp = {Wed, 07 Jan 2015 18:21:20 +0100},
  biburl    = {http://dblp.dagstuhl.de/rec/bib/conf/tacas/2012},
  bibsource = {dblp computer science bibliography, http://dblp.org}
}

@inproceedings{DBLP:conf/cav/SomenziB00,
  author    = {Fabio Somenzi and
               Roderick Bloem},
  title     = {Efficient B{\"{u}}chi Automata from {LTL} Formulae},
  booktitle = {Computer Aided Verification, 12th International Conference, {CAV}
               2000, Chicago, IL, USA, July 15-19, 2000, Proceedings},
  pages     = {248--263},
  year      = {2000},
  crossref  = {DBLP:conf/cav/2000},
  url       = {https://doi.org/10.1007/10722167_21},
  doi       = {10.1007/10722167_21},
  timestamp = {Tue, 21 Jun 2011 16:38:39 +0200},
  biburl    = {http://dblp.dagstuhl.de/rec/bib/conf/cav/SomenziB00},
  bibsource = {dblp computer science bibliography, http://dblp.org}
}

@proceedings{DBLP:conf/cav/2000,
  editor    = {E. Allen Emerson and
               A. Prasad Sistla},
  title     = {Computer Aided Verification, 12th International Conference, {CAV}
               2000, Chicago, IL, USA, July 15-19, 2000, Proceedings},
  series    = {Lecture Notes in Computer Science},
  volume    = {1855},
  publisher = {Springer},
  year      = {2000},
  isbn      = {3-540-67770-4},
  timestamp = {Thu, 03 Jan 2002 11:54:21 +0100},
  biburl    = {http://dblp.dagstuhl.de/rec/bib/conf/cav/2000},
  bibsource = {dblp computer science bibliography, http://dblp.org}
}