@article{HalmosV,author={Paul R. Halmos and Herbert E. Vaughan},
title={The Marriage Problem},
journal={American Journal of Mathematics},volume=72,year=1950,pages={214-215}}
