@Book{Fitting,
  author =	 {Melvin Fitting},
  title = 	 {{F}irst-{O}rder {L}ogic and {A}utomated {T}heorem {P}roving},
  publisher = 	 {Springer-Verlag},
  year = 	 1996,
  edition =	 {second}
}

