@article{extendrd,
title = "The impossibility of extending {R}andom {D}ictatorship to weak preferences",
journal = "Economics Letters",
volume = "141",
pages = "pp. 44 -- 47",
year = "2016",
issn = "0165-1765",
doi = "https://doi.org/10.1016/j.econlet.2016.01.028",
url = "http://www.sciencedirect.com/science/article/pii/S0165176516300209",
author = "Florian Brandl and Felix Brandt and Warut Suksompong"
}

@article{smt,
title = "Proving the incompatibility of {E}fficiency and {S}trategyproofness via {SMT} solving",
author = "Florian Brandl and Felix Brandt and Christian Geist",
journal = "Proceedings of the 25th International Joint Conference on Artificial Intelligence (IJCAI)",
year = "2016",
note = "Forthcoming"
}
