@Article{bonk_schramm,
  Title                    = {Embeddings of {G}romov hyperbolic spaces},
  Author                   = {Bonk, Mario and Schramm, Oded},
  Journal                  = {Geom. Funct. Anal.},
  Year                     = {2000},
  Pages                    = {266--306},
  Volume                   = {10},

  Coden                    = {GFANFB},
  Doi                      = {10.1007/s000390050009},
  Dummy_number             = {2},
  Eprint                   = {1771428},
  Eprinttype               = {mathscinet},
  Fjournal                 = {Geometric and Functional Analysis},
  ISSN                     = {1016-443X},
  Mrclass                  = {53C23 (54E40 57M07)},
MRNUMBER = {MR1771428}, eprinttype = {mathscinet}, eprint = {1771428},
  Mrreviewer               = {Michel Coornaert},
  Url                      = {https://doi.org/10.1007/s000390050009}
}


@article {mineyev,
    AUTHOR = {Mineyev, Igor},
     TITLE = {Flows and joins of metric spaces},
   JOURNAL = {Geom. Topol.},
  FJOURNAL = {Geometry and Topology},
    VOLUME = {9},
      YEAR = {2005},
     PAGES = {403--482},
      ISSN = {1465-3060},
   MRCLASS = {37D40 (20F65 20F67 57M07 57N16)},
  MRNUMBER = {2140987},
MRREVIEWER = {Darryl McCullough},
       URL = {https://doi.org/10.2140/gt.2005.9.403},
}


@Book{ghys_hyperbolique,
  Title                    = {Sur les groupes hyperboliques d'apr\`es {M}ikhael {G}romov},
  Editor                   = {Ghys, {\'E}tienne and de la Harpe, Pierre},
  Publisher                = {Birkh\"auser Boston Inc.},
  Year                     = {1990},

  Address                  = {Boston, MA},
  Note                     = {Papers from the Swiss Seminar on Hyperbolic Groups held in
 Bern, 1988},
  Series                   = {Progress in Mathematics},
  Volume                   = {83},

  Eprint                   = {1086648},
  Eprinttype               = {mathscinet},
  ISBN                     = {0-8176-3508-4},
  Mrclass                  = {53C23 (20F32 57M05 57S30)},
MRNUMBER = {MR1086648}, eprinttype = {mathscinet}, eprint = {1086648},
  Mrreviewer               = {Viktor Schroeder},
  Pages                    = {xii+285}
}

@Book{bridson_haefliger,
  Title                    = {Metric spaces of non-positive curvature},
  Author                   = {Bridson, Martin R. and Haefliger, Andr{\'e}},
  Publisher                = {Springer-Verlag},
  Year                     = {1999},

  Address                  = {Berlin},
  Series                   = {Grundlehren der Mathematischen Wissenschaften [Fundamental
 Principles of Mathematical Sciences]},
  Volume                   = {319},

  Eprint                   = {1744486},
  Eprinttype               = {mathscinet},
  ISBN                     = {3-540-64324-9},
  Mrclass                  = {53C23 (20F65 53C70 57M07)},
MRNUMBER = {MR1744486}, eprinttype = {mathscinet}, eprint = {1744486},
  Mrreviewer               = {Athanase Papadopoulos},
  Pages                    = {xxii+643}
}


@article {shchur,
    AUTHOR = {Shchur, Vladimir},
     TITLE = {A quantitative version of the {M}orse lemma and
              quasi-isometries fixing the ideal boundary},
   JOURNAL = {J. Funct. Anal.},
  FJOURNAL = {Journal of Functional Analysis},
    VOLUME = {264},
      YEAR = {2013},
    NUMBER = {3},
     PAGES = {815--836},
      ISSN = {0022-1236},
   MRCLASS = {20F67 (20F65)},
  MRNUMBER = {3003738},
MRREVIEWER = {Eduardo Mart\'\i nez-Pedroza},
       URL = {https://doi.org/10.1016/j.jfa.2012.11.014},
}
