@book{Car81, title = "Th\'eorie des corps : la r\`egle et le compas",
author = "J. C. Carrega",publisher = "Hermann",year = "1981"}
