@STRING{afp		= {Archive of Formal Proofs}}
@STRING{cup		= {Cambridge University Press}}
@STRING{lncs		= {Lecture Notes in Computer Science}}
@STRING{sv		= {Springer}}
@STRING{uc		= {University of Canterbury}}

@Article{ArmstrongFosterStruthWeber2016,
	author		= {Armstrong, A. and Foster, S. and Struth, G. and Weber, T.},
	title		= {Relation Algebra},
	journal		= afp,
	year		= {2016, first version 2014},
	note		= {}
}

@Article{ArmstrongGomesStruth2016,
	author		= {Armstrong, A. and Gomes, V. B. F. and Struth, G.},
	title		= {Kleene Algebra with Tests and Demonic Refinement Algebras},
	journal		= afp,
	year		= {2016, first version 2014},
	note		= {}
}

@Article{ArmstrongGomesStruthWeber2016,
	author		= {Armstrong, A. and Gomes, V. B. F. and Struth, G. and Weber, T.},
	title		= {Kleene Algebra},
	journal		= afp,
	year		= {2016, first version 2013},
	note		= {}
}

@Book{BalbesDwinger1974,
	author		= {Balbes, R. and Dwinger, P.},
	title		= {Distributive Lattices},
	publisher	= {University of Missouri Press},
	year		= 1974,
	note		= {}
}

@Book{Birkhoff1967,
	author		= {Birkhoff, G.},
	title		= {Lattice Theory},
	publisher	= {American Mathematical Society},
	series		= {Colloquium Publications},
	volume		= {XXV},
	edition		= {Third},
	year		= 1967,
	note		= {}
}

@Book{Blyth2005,
	author		= {Blyth, T. S.},
	title		= {Lattices and Ordered Algebraic Structures},
	publisher	= sv,
	year		= 2005,
	note		= {}
}

@Article{ChenGraetzer1969,
	author		= {Chen, C. C. and Gr{\"a}tzer, G.},
	title		= {Stone Lattices. {I}: Construction Theorems},
	journal		= {Canadian Journal of Mathematics},
	volume		= 21,
	pages		= {884--894},
	year		= 1969,
	note		= {}
}

@Book{Curry1977,
	author		= {Curry, H. B.},
	title		= {Foundations of Mathematical Logic},
	publisher	= {Dover Publications},
	year		= 1977,
	note		= {}
}

@Book{DaveyPriestley2002,
	author		= {Davey, B. A. and Priestley, H. A.},
	title		= {Introduction to Lattices and Order},
	publisher	= cup,
	edition		= {Second},
	year		= 2002,
	note		= {}
}

@Article{DivasonAransay2016,
	author		= {Divas{\'o}n, J. and Aransay, J.},
	title		= {Echelon Form},
	journal		= afp,
	year		= {2016, first version 2015},
	note		= {}
}

@InProceedings{FosterStruthWeber2011,
	author		= {Foster, S. and Struth, G. and Weber, T.},
	title		= {Automated Engineering of Relational and Algebraic Methods in {Isabelle/HOL}},
	editor		= {de Swart, H.},
	booktitle	= {Relational and Algebraic Methods in Computer Science},
	publisher	= sv,
	series		= lncs,
	volume		= 6663,
	pages		= {52--67},
	year		= 2011,
	note		= {}
}

@Article{FosterStruth2016,
	author		= {Foster, S. and Struth, G.},
	title		= {Regular Algebras},
	journal		= afp,
	year		= {2016, first version 2014},
	note		= {}
}

@Article{FurusawaStruth2016,
	author		= {Furusawa, H. and Struth, G.},
	title		= {Binary Multirelations},
	journal		= afp,
	year		= {2016, first version 2015},
	note		= {}
}

@Article{GeorgescuLeusteanPreoteasa2016,
	author		= {Georgescu, G. and Leustean, L. and Preoteasa, V.},
	title		= {Pseudo-Hoops},
	journal		= afp,
	year		= {2016, first version 2011},
	note		= {}
}

@Article{GomesGuttmannHoefnerStruthWeber2016,
	author		= {Gomes, V. B. F. and Guttmann, W. and H{\"o}fner, P. and Struth, G. and Weber, T.},
	title		= {Kleene Algebras with Domain},
	journal		= afp,
	year		= 2016,
	note		= {}
}

@Article{GomesStruth2016,
	author		= {Gomes, V. B. F. and Struth, G.},
	title		= {Residuated Lattices},
	journal		= afp,
	year		= {2016, first version 2015},
	note		= {}
}

@Book{Graetzer1971,
	author		= {Gr{\"a}tzer, G.},
	title		= {Lattice Theory: First Concepts and Distributive Lattices},
	publisher	= {W. H. Freeman and Co.},
	year		= 1971,
	note		= {}
}

@Article{GraetzerSchmidt1958,
	author		= {Gr{\"a}tzer, G. and Schmidt, E. T.},
	title		= {On ideal theory for lattices},
	journal		= {Acta Scientiarium Mathematicarum},
	volume		= 19,
	number		= {1--2},
	pages		= {82--92},
	year		= 1958,
	note		= {}
}

@TechReport{Guttmann2015a,
	author		= {Guttmann, W.},
	title		= {Isabelle/{HOL} Theories of Algebras for Iteration, Infinite Executions and Correctness of Sequential Computations},
	institution	= uc,
	number		= {{TR-COSC 02/15}},
	year		= 2015,
	note		= {}
}

@InProceedings{Guttmann2016c,
	author		= {Guttmann, W.},
	title		= {Relation-Algebraic Verification of {Prim's} Minimum Spanning Tree Algorithm},
	editor		= {Sampaio, A. and Wang, F.},
	booktitle	= {Theoretical Aspects of Computing -- ICTAC 2016},
	publisher	= sv,
	series		= lncs,
	volume		= 9965,
	pages		= {51--68},
	year		= 2016,
	note		= {}
}

@Article{Katrinak1973,
	author		= {Katri{\v{n}}{\'a}k, T.},
	title		= {A new proof of the construction theorem for {Stone} algebras},
	journal		= {Proceedings of the American Mathematical Society},
	volume		= 40,
	number		= 1,
	pages		= {75--78},
	year		= 1973,
	note		= {}
}

@Article{KleinKolanskiBoyton2016,
	author		= {Klein, G. and Kolanski, R. and Boyton, A.},
	title		= {Separation Algebra},
	journal		= afp,
	year		= {2016, first version 2012},
	note		= {}
}

@Article{Maddux1996,
	author		= {Maddux, R. D.},
	title		= {Relation-algebraic semantics},
	journal		= tcs,
	volume		= 160,
	number		= {1--2},
	pages		= {1--85},
	year		= 1996,
	note		= {}
}

@Article{Preoteasa2016a,
	author		= {Preoteasa, V.},
	title		= {Lattice Properties},
	journal		= afp,
	year		= {2016, first version 2011},
	note		= {}
}

@Article{Preoteasa2016b,
	author		= {Preoteasa, V.},
	title		= {Algebra of Monotonic {Boolean} Transformers},
	journal		= afp,
	year		= {2016, first version 2011},
	note		= {}
}

@Article{WamplerDoty2016,
	author		= {Wampler-Doty, M.},
	title		= {A Complete Proof of the {Robbins} Conjecture},
	journal		= afp,
	year		= {2016, first version 2010},
	note		= {}
}

