@book {James+Liebeck:Representations,
    author = {James, Gordon and Liebeck, Martin},
     title = {Representations and Characters of Groups},
 publisher = {Cambridge University Press},
    series = {Cambridge Mathematical Textbooks},
   address = {Cambridge, UK},
      year = {1993},
}

@book {Dummit+Foote:Abstract+Algebra+2nd+ed,
    author = {Dummit, D. S. and Foote, R. M.},
     title = {Abstract Algebra},
   edition = {Second},
      year = {1999},
 publisher = {John Wiley \& Sons},
   address = {New York},
}

@book {Axler:Linear+Algebra+Done+Right+3rd+ed,
    author = {Axler, S.},
     title = {Linear Algebra Done Right},
   edition = {Third},
      year = {2015},
 publisher = {Springer},
    series = {Undergraduate Texts in Mathematics},
   address = {New York},
}
