@inproceedings{DBLP:conf/concur/ParrowBEGW15,
  author    = {Joachim Parrow and
               Johannes Borgstr{\"{o}}m and
               Lars{-}Henrik Eriksson and
               Ram{\={u}}nas Gutkovas and
               Tjark Weber},
  editor    = {Luca Aceto and
               David de Frutos{-}Escrig},
  title     = {Modal Logics for Nominal Transition Systems},
  booktitle = {26th International Conference on Concurrency Theory, {CONCUR} 2015,
               Madrid, Spain, September 1-4, 2015},
  series    = {LIPIcs},
  volume    = {42},
  pages     = {198--211},
  publisher = {Schloss Dagstuhl - Leibniz-Zentrum fuer Informatik},
  year      = {2015},
  url       = {https://doi.org/10.4230/LIPIcs.CONCUR.2015.198},
  doi       = {10.4230/LIPIcs.CONCUR.2015.198},
  biburl    = {http://dblp.uni-trier.de/rec/bib/conf/concur/ParrowBEGW15},
  bibsource = {dblp computer science bibliography, http://dblp.org}
}
