@STRING{cacm="Communications of the ACM"}

@TechReport{LynchTuttle:1989,
  author =       "Lynch, N. A and Tuttle, M. R.",
  title =        "An introduction to
 input/output automata",
  institution =  "CWI",
  year =         1989,
  month =     sep,
  annote =    "CWI Quarterly 2 (3): 219–246",
  url = "http://www.markrtuttle.com/data/papers/lt89-cwi.pdf"
}

@book{Lynch:1996,
 author = {N. A. Lynch},
 title = {Distributed Algorithms},
 year = {1996},
 publisher = {Morgan Kaufmann Publishers Inc.},
}

@InProceedings{PrenEsp00,
  author =    {Prensa Nieto, L. and J. Esparza},
  title =     {Verifying Single and Multi-mutator Garbage Collectors
                with {Owicki/Gries} in {Isabelle/HOL}},
  booktitle = {Mathematical Foundations of Computer Science (MFCS 2000)},
  editor =    {M. Nielsen and B. Rovan},
  publisher = {Springer-Verlag},
  series =    {LNCS},
  volume =    1893,
  pages =     {619--628},
  year =      2000
}

@PhdThesis{Prensa-PhD,author={Prensa Nieto, L.},
title={Verification of Parallel Programs with the Owicki-Gries and
Rely-Guarantee Methods in Isabelle/HOL},
school={Technische Universit{\"a}t M{\"u}nchen},year=2002}

@inproceedings{Prensa-ESOP03,author={Prensa Nieto, L.},
title={The {Rely-Guarantee} Method in {Isabelle/HOL}},
booktitle={European Symposium on Programming (ESOP'03)},editor={P. Degano},
publisher=Springer,series=LNCS,volume=2618,pages={348--362},year=2003}

@book{Winskel:1993,
 author = {Winskel, G.},
 title = {The Formal Semantics of Programming Languages},
 year = {1993},
 publisher = {MIT Press},
 address = "Cambridge, MA"
}

@article{DBLP:journals/cacm/DijkstraLMSS78,
  author    = {E. W. Dijkstra and
               L. Lamport and
               A. J. Martin and
               C. S. Scholten and
               E. F. M. Steffens},
  title     = {On-the-Fly Garbage Collection: An Exercise in Cooperation},
  journal   = cacm,
  volume    = {21},
  number    = {11},
  year      = {1978},
  pages     = {966-975},
  ee        = {http://doi.acm.org/10.1145/359642.359655},
  bibsource = {DBLP, http://dblp.uni-trier.de}
}

@inproceedings{DBLP:conf/lpar/Schirmer04,
  author    = {N. Schirmer},
  title     = {A Verification Environment for Sequential Imperative Programs
               in Isabelle/HOL},
  booktitle = {LPAR},
  year      = {2004},
  pages     = {398-414},
  ee        = {https://doi.org/10.1007/978-3-540-32275-7_26},
  crossref  = {DBLP:conf/lpar/2004},
  bibsource = {DBLP, http://dblp.uni-trier.de}
}

%  isbn      = {3-540-25236-3},
@proceedings{DBLP:conf/lpar/2004,
  editor    = {F. Baader and
               A. Voronkov},
  title     = {Logic for Programming, Artificial Intelligence, and Reasoning,
               11th International Conference, LPAR 2004, Montevideo, Uruguay,
               March 14-18, 2005, Proceedings},
  booktitle = {LPAR},
  publisher = {Springer},
  series    = lncs,
  volume    = {3452},
  year      = {2005},
  bibsource = {DBLP, http://dblp.uni-trier.de}
}

@article{DBLP:journals/cacm/SewellSONM10,
  author    = {P. Sewell and
               S. Sarkar and
               S. Owens and
               F. Zappa Nardelli and
               M. O. Myreen},
  title     = {{x86-TSO}: a rigorous and usable programmer's model for x86
               multiprocessors},
  journal   = cacm,
  volume    = {53},
  number    = {7},
  year      = {2010},
  pages     = {89-97},
  ee        = {http://doi.acm.org/10.1145/1785414.1785443},
  bibsource = {DBLP, http://dblp.uni-trier.de}
}

@inproceedings{DBLP:conf/mfcs/BoerRH99,
  author    = {de Boer, F. S. and
               de Roever, W. P. and
               U. Hannemann},
  title     = {The Semantic Foundations of a Compositional Proof Method
               for Synchronously Communicating Processes},
  booktitle = {MFCS},
  year      = {1999},
  pages     = {343-353},
  ee        = {https://doi.org/10.1007/3-540-48340-3_31},
  crossref  = {DBLP:conf/mfcs/1999},
  bibsource = {DBLP, http://dblp.uni-trier.de}
}

%  isbn      = {3-540-66408-4},
@proceedings{DBLP:conf/mfcs/1999,
  editor    = {M. Kutylowski and
               L. Pacholski and
               T. Wierzbicki},
  title     = {Mathematical Foundations of Computer Science 1999, 24th
               International Symposium, MFCS'99, Szklarska Poreba, Poland,
               September 6-10, 1999, Proceedings},
  booktitle = {MFCS},
  publisher = {Springer},
  series    = lncs,
  volume    = {1672},
  year      = {1999},
  bibsource = {DBLP, http://dblp.uni-trier.de}
}

%  isbn      = {0-521-80608-9},
@book{DBLP:books/cu/RoeverBH2001,
  author    = {de Roever, W. P. and
               de Boer, F. S. and
               U. Hannemann and
               J. Hooman and
               Y. Lakhnech and
               M. Poel and
               J. Zwiers},
  title     = {Concurrency Verification: Introduction to Compositional
               and Noncompositional Methods},
  publisher = {Cambridge University Press},
  series    = {Cambridge Tracts in Theoretical Computer Science},
  volume    = {54},
  year      = {2001},
  bibsource = {DBLP, http://dblp.uni-trier.de}
}

@InProceedings{Pizlo+2010PLDI,
author =	 {F. Pizlo and L. Ziarek and P. Maj and A.
                L. Hosking and E. Blanton and J. Vitek},
title =	 {Schism: Fragmentation-Tolerant Real-Time Garbage Collection},
booktitle =	 {Proceedings of the ACM SIGPLAN Conference on Programming
                Language Design and Implementation},
year =	 2010,
pages =	 "146--159",
month =	 jun,
address =	 {Toronto, Canada},
doi =		 {10.1145/1806596.1806615}
}

@PhdThesis{Pizlo201xPhd,
author =	 {F. Pizlo},
title =	 {Fragmentation Tolerant Real Time Garbage Collection},
school =	 {Purdue University},
year =	 {201x}
}

@article{DBLP:journals/toplas/LamportS84,
  author    = {L. Lamport and
               F. B. Schneider},
  title     = {The ``{Hoare Logic}'' of {CSP}, and All That},
  journal   = toplas,
  volume    = {6},
  number    = {2},
  year      = {1984},
  pages     = {281-296},
  ee        = {http://doi.acm.org/10.1145/2993.357247},
  bibsource = {DBLP, http://dblp.uni-trier.de}
}

@article{DBLP:journals/acta/Lamport80,
  author    = {L. Lamport},
  title     = {The ``{Hoare Logic}'' of Concurrent Programs},
  journal   = {Acta Informatica},
  volume    = {14},
  year      = {1980},
  pages     = {21-37},
  ee        = {https://doi.org/10.1007/BF00289062},
  bibsource = {DBLP, http://dblp.uni-trier.de}
}

@article{DBLP:journals/jar/Berghofer12,
  author    = {S. Berghofer},
  title     = {A Solution to the {PoplMark} Challenge Using {de Bruijn} Indices
               in {Isabelle/HOL}},
  journal   = {J. Autom. Reasoning},
  volume    = {49},
  number    = {3},
  year      = {2012},
  pages     = {303-326},
  ee        = {https://doi.org/10.1007/s10817-011-9231-4},
  bibsource = {DBLP, http://dblp.uni-trier.de}
}

%  isbn =	 {3-540-44044-5}
@InCollection{PittsAM:opespe,
  author =	 {A. M. Pitts},
  title =	 {Operational Semantics and Program Equivalence},
  booktitle =	 {Applied Semantics, Advanced Lectures},
  pages =	 {378--412},
  publisher =	 {Springer-Verlag},
  year =	 2002,
  editor =	 {G. Barthe and P. Dybjer and J. Saraiva},
  volume =	 2395,
  series =	 lncs,
  note =	 {International Summer School, {APPSEM} 2000, Caminha,
                  Portugal, September 9--15, 2000},
}

%  isbn      = {978-0-387-94459-3},
@book{DBLP:books/daglib/0080029,
  author    = {Z. Manna and
               A. Pnueli},
  title     = {Temporal verification of reactive systems - safety},
  publisher = {Springer},
  year      = {1995},
  pages     = {I-XV, 1-512},
  bibsource = {DBLP, http://dblp.uni-trier.de}
}

@article{DBLP:journals/acta/LevinG81,
  author    = {G. Levin and
               D. Gries},
  title     = {A Proof Technique for Communicating Sequential Processes},
  journal   = {Acta Inf.},
  volume    = {15},
  year      = {1981},
  pages     = {281-302},
  ee        = {https://doi.org/10.1007/BF00289266},
  bibsource = {DBLP, http://dblp.uni-trier.de}
}

@inproceedings{DBLP:conf/icalp/CousotC80,
  author    = {P. Cousot and
               R. Cousot},
  title     = "Semantic Analysis of {Communicating Sequential Processes}
               (Shortened Version)",
  booktitle = {ICALP},
  year      = {1980},
  pages     = {119-133},
  ee        = {https://doi.org/10.1007/3-540-10003-2_65},
  crossref  = {DBLP:conf/icalp/1980},
  bibsource = {DBLP, http://dblp.uni-trier.de}
}

%  isbn      = {3-540-10003-2},
@proceedings{DBLP:conf/icalp/1980,
  editor    = {de Bakker, J. W. and van Leeuwen, J.},
  title     = {Automata, Languages and Programming, 7th Colloquium, Noordweijkerhout,
               The Netherland, July 14-18, 1980, Proceedings},
  booktitle = {ICALP},
  publisher = {Springer},
  series    = lncs,
  volume    = {85},
  year      = {1980},
  bibsource = {DBLP, http://dblp.uni-trier.de}
}

@InCollection{MannaPnueli:1991,
  author =       "Z. Manna and A. Pnueli",
  title =        "Tools and rules for the practicing verifier",
  booktitle =    "CMU Computer Science: A 25th Anniversary Commemorative",
  pages =     "121–-156",
  publisher = "ACM Press and Addison-Wesley",
  year =      1991,
  editor =    "R. F. Rashid"
}

%  isbn      = {0-3211-4306-X},
@book{DBLP:books/aw/Lamport2002,
  author    = {L. Lamport},
  title     = {Specifying Systems, The TLA+ Language and Tools for Hardware
               and Software Engineers},
  publisher = {Addison-Wesley},
  year      = {2002},
  bibsource = {DBLP, http://dblp.uni-trier.de}
}

@article{TLA-AFP,
  author  = {G. Grov and S. Merz},
  title   = {A Definitional Encoding of TLA* in Isabelle/HOL},
  journal = {Archive of Formal Proofs},
  month   = nov,
  year    = 2011,
  note    = {\url{http://isa-afp.org/entries/TLA},
            Formal proof development},
  ISSN    = {2150-914x},
}

@inproceedings{DBLP:conf/itp/CohenS10,
  author    = {E. Cohen and
               B. Schirmer},
  title     = {From Total Store Order to Sequential Consistency: A Practical
               Reduction Theorem},
  booktitle = {ITP},
  year      = {2010},
  pages     = {403-418},
  ee        = {https://doi.org/10.1007/978-3-642-14052-5_28},
  crossref  = {DBLP:conf/itp/2010},
  bibsource = {DBLP, http://dblp.uni-trier.de}
}

%  isbn      = {978-3-642-14051-8},
@proceedings{DBLP:conf/itp/2010,
  editor    = {M. Kaufmann and
               L. C. Paulson},
  title     = {Interactive Theorem Proving, First International Conference,
               ITP 2010, Edinburgh, UK, July 11-14, 2010. Proceedings},
  booktitle = {ITP},
  publisher = {Springer},
  series    = lncs,
  volume    = {6172},
  year      = {2010},
  ee        = {https://doi.org/10.1007/978-3-642-14052-5},
  bibsource = {DBLP, http://dblp.uni-trier.de}
}

@inproceedings{DBLP:conf/fase/NipkowN99,
  author    = {T. Nipkow and
               Prensa Nieto, L.},
  title     = "{Owicki/Gries} in {Isabelle/HOL}",
  booktitle = {FASE},
  year      = {1999},
  pages     = {188-203},
  ee        = {https://doi.org/10.1007/978-3-540-49020-3_13},
  crossref  = {DBLP:conf/fase/1999},
  bibsource = {DBLP, http://dblp.uni-trier.de}
}

%  isbn      = {3-540-65718-5},
@proceedings{DBLP:conf/fase/1999,
  editor    = {J.-P. Finance},
  title     = {Fundamental Approaches to Software Engineering, Second Internationsl
               Conference, FASE'99, Held as Part of the European Joint
               Conferences on the Theory and Practice of Software, ETAPS'99,
               Amsterdam, The Netherlands, March 22-28, 1999, Proceedings},
  booktitle = {FASE},
  publisher = {Springer},
  series    = lncs,
  volume    = {1577},
  year      = {1999},
  bibsource = {DBLP, http://dblp.uni-trier.de}
}

@article{CousotCousot89-IC,
   author =  {Cousot, P. and Cousot, R.},
   title =   {A language independent proof of the soundness
              and completeness of generalized {H}oare logic},
   journal = {Information and Computation},
   volume =  80,
   number =  2,
   pages =   {165--191},
   month =   feb,
   year =    1989,
}

@inproceedings{DBLP:conf/popl/DoligezG94,
  author    = {D. Doligez and
               G. Gonthier},
  title     = {Portable, Unobtrusive Garbage Collection for Multiprocessor
               Systems},
  booktitle = {POPL},
  year      = {1994},
  pages     = {70-83},
  ee        = {http://doi.acm.org/10.1145/174675.174673},
  crossref  = {DBLP:conf/popl/1994},
  bibsource = {DBLP, http://dblp.uni-trier.de}
}

%  isbn      = {0-89791-636-0},
@proceedings{DBLP:conf/popl/1994,
  editor    = {Boehm, H.-J. and
               B. Lang and
               D. M. Yellin},
  title     = {Conference Record of POPL'94: 21st ACM SIGPLAN-SIGACT Symposium
               on Principles of Programming Languages, Portland, Oregon,
               USA, January 17-21, 1994},
  booktitle = popl,
  publisher = {ACM Press},
  year      = {1994},
  ee        = {http://dl.acm.org/citation.cfm?id=174675},
  bibsource = {DBLP, http://dblp.uni-trier.de}
}

@article{DBLP:journals/jlp/Plotkin04,
  author    = {G. D. Plotkin},
  title     = {The origins of structural operational semantics},
  journal   = {Journal of Logic and Algebraic Programming},
  volume    = {60-61},
  year      = {2004},
  pages     = {3-15},
  ee        = {https://doi.org/10.1016/j.jlap.2004.03.009},
  bibsource = {DBLP, http://dblp.uni-trier.de}
}

@Book{ConcreteSemantics:2014,
  author =    "T. Nipkow and G. Klein",
  title =        "Concrete Semantics: A Proof Assistant Approach",
  publisher =    Springer,
  year =         2014,
  url = "http://www.in.tum.de/~nipkow/Concrete-Semantics/"
}

@Book{Hoare:1985,
  author       = {C.A.R. Hoare},
  title        = "{Communicating Sequential Processes}",
  publisher    = {Prentice-Hall},
  year 	       = 1985,
  series       = {International Series In Computer Science},
  url = "http://www.usingcsp.com/"
}

@Book{Milner:1980,
  author =    "R. Milner",
  title =        "A Calculus of Communicating Systems",
  publisher =    Springer,
  year =         1980
}

@book{Milner:1989,
 author = {R. Milner},
 title = "Communication and Concurrency",
 year = {1989},
 publisher = {Prentice-Hall},
 address = "Englewood Cliffs, NJ",
}

@inproceedings{DBLP:conf/vstte/Ridge10,
  author    = {Tom Ridge},
  title     = {A Rely-Guarantee Proof System for x86-TSO},
  booktitle = {VSTTE},
  year      = {2010},
  pages     = {55-70},
  ee        = {https://doi.org/10.1007/978-3-642-15057-9_4},
  crossref  = {DBLP:conf/vstte/2010},
  bibsource = {DBLP, http://dblp.uni-trier.de}
}

%  isbn      = {978-3-642-15056-2},
@proceedings{DBLP:conf/vstte/2010,
  editor    = {Gary T. Leavens and
               Peter W. O'Hearn and
               Sriram K. Rajamani},
  title     = {Verified Software: Theories, Tools, Experiments, Third International
               Conference, VSTTE 2010, Edinburgh, UK, August 16-19, 2010.
               Proceedings},
  booktitle = {VSTTE},
  publisher = {Springer},
  series    = {Lecture Notes in Computer Science},
  volume    = {6217},
  year      = {2010},
  ee        = {https://doi.org/10.1007/978-3-642-15057-9},
  bibsource = {DBLP, http://dblp.uni-trier.de}
}

@Article{FelleisenHieb:1992:TCS,
  author =       {M. Felleisen and R. Hieb},
  title =        {The revised report on the syntactic theories of sequential
                  control and state},
  journal =      {Theoretical Computer Science},
  year =         1992,
  volume =       103,
  number =       2,
  pages =        {235--271},
  month =        sep,
  doi =          {10.1016/0304-3975(92)90014-7}
}

@article{DBLP:journals/entcs/SchirmerW09,
  author    = {N. Schirmer and
               M. Wenzel},
  title     = {State Spaces - The Locale Way},
  journal   = {Electr. Notes Theor. Comput. Sci.},
  volume    = {254},
  year      = {2009},
  pages     = {161-179},
  ee        = {https://doi.org/10.1016/j.entcs.2009.09.065},
  bibsource = {DBLP, http://dblp.uni-trier.de}
}

%  url       = {http://doi.acm.org/10.1145/1480881.1480934},
@inproceedings{DBLP:conf/popl/Ridge09,
  author    = {T. Ridge},
  title     = {Verifying distributed systems: the operational approach},
  booktitle = {Proceedings of the 36th {ACM} {SIGPLAN-SIGACT} Symposium on Principles
               of Programming Languages, {POPL} 2009, Savannah, GA, USA, January
               21-23, 2009},
  pages     = {429--440},
  year      = {2009},
  crossref  = {DBLP:conf/popl/2009},
  doi       = {10.1145/1480881.1480934},
}

%  isbn      = {978-1-60558-379-2},
@proceedings{DBLP:conf/popl/2009,
  editor    = {Z. Shao and
               B. C. Pierce},
  title     = {Proceedings of the 36th {ACM} {SIGPLAN-SIGACT} Symposium on Principles
               of Programming Languages, {POPL} 2009, Savannah, GA, USA, January
               21-23, 2009},
  publisher = {{ACM}},
  year      = {2009},
  url       = {http://dl.acm.org/citation.cfm?id=1480881},
}

%  url       = {https://doi.org/10.1007/978-3-642-03359-9_27},
@inproceedings{DBLP:conf/tphol/OwensSS09,
  author    = {S. Owens and
               S. Sarkar and
               P. Sewell},
  title     = {A Better x86 Memory Model: x86-TSO},
  booktitle = {Theorem Proving in Higher Order Logics, 22nd International Conference,
               TPHOLs 2009, Munich, Germany, August 17-20, 2009. Proceedings},
  pages     = {391--407},
  year      = {2009},
  crossref  = {DBLP:conf/tphol/2009},
  doi       = {10.1007/978-3-642-03359-9_27},
}

%  isbn      = {978-3-642-03358-2},
%  url       = {https://doi.org/10.1007/978-3-642-03359-9},
@proceedings{DBLP:conf/tphol/2009,
  editor    = {S. Berghofer and
               T. Nipkow and
               C. Urban and
               M. Wenzel},
  title     = {Theorem Proving in Higher Order Logics, 22nd International Conference,
               TPHOLs 2009, Munich, Germany, August 17-20, 2009. Proceedings},
  series    = {Lecture Notes in Computer Science},
  volume    = {5674},
  publisher = {Springer},
  year      = {2009},
  doi       = {10.1007/978-3-642-03359-9},
 }

@article{ConcurrentIMP_AFP,
  author  = {Peter Gammie},
  title   = {Concurrent {IMP}},
  journal = {Archive of Formal Proofs},
  month   = apr,
  year    = 2015,
  note    = {\url{http://isa-afp.org/entries/ConcurrentIMP.shtml},
            Formal proof development},
  ISSN    = {2150-914x},
}