@inproceedings{adsg,
    author    = {Andrew Miller and
    Michael Hicks and
    Jonathan Katz and
    Elaine Shi},
    editor    = {Suresh Jagannathan and
    Peter Sewell},
    title     = {Authenticated data structures, generically},
    booktitle = {{POPL} 2014},
    pages     = {411--424},
    publisher = {{ACM}},
    year      = {2014},
    doi       = {10.1145/2535838.2535851}
}

@misc{gadsf,
  author =       {Matthias Brun and Dmitriy Traytel},
  title =        {Generic Authenticated Data Structures, Formally},
  year =         2019,
  howpublished = {\url{https://people.inf.ethz.ch/trayteld/papers/lambdaauth/lambdaauth.pdf}}
}