@preamble{
   "\def\polhk#1{\setbox0=\hbox{#1}{\ooalign{\hidewidth
    \lower1.5ex\hbox{`}\hidewidth\crcr\unhbox0}}} "
}
@article {PG,
    AUTHOR = {Paulson, Lawrence C. and Gr{\polhk{a}}bczewski, Krzysztof},
     TITLE = {Mechanizing set theory. {C}ardinal arithmetic and the axiom of
              choice},
   JOURNAL = {J. Automat. Reason.},
  FJOURNAL = {Journal of Automated Reasoning},
    VOLUME = {17},
      YEAR = {1996},
    NUMBER = {3},
     PAGES = {291--323},
      ISSN = {0168-7433},
     CODEN = {JAREEW},
   MRCLASS = {03B35 (68T15)},
  MRNUMBER = {MR1428345 (98b:03019)},
}

@article {MR989749,
    AUTHOR = {Adeleke, S. A.},
     TITLE = {Embeddings of infinite permutation groups in sharp, highly
              transitive, and homogeneous groups},
   JOURNAL = {Proc. Edinburgh Math. Soc. (2)},
  FJOURNAL = {Proceedings of the Edinburgh Mathematical Society. Series II},
    VOLUME = {31},
      YEAR = {1988},
    NUMBER = {2},
     PAGES = {169--178},
      ISSN = {0013-0915},
     CODEN = {PEMSA3},
   MRCLASS = {20B07},
  MRNUMBER = {MR989749 (90e:20003)},
MRREVIEWER = {John K. Truss},
}

@article {MR1783921,
    AUTHOR = {Brendle, J{\"o}rg and Spinas, Otmar and Zhang, Yi},
     TITLE = {Uniformity of the meager ideal and maximal cofinitary groups},
   JOURNAL = {J. Algebra},
  FJOURNAL = {Journal of Algebra},
    VOLUME = {232},
      YEAR = {2000},
    NUMBER = {1},
     PAGES = {209--225},
      ISSN = {0021-8693},
     CODEN = {JALGA4},
   MRCLASS = {03E05 (03E35 20B30)},
  MRNUMBER = {MR1783921 (2001i:03097)},
MRREVIEWER = {H. Dugald Macpherson},
}

@article {MR1367160,
    AUTHOR = {Cameron, Peter J.},
     TITLE = {Cofinitary permutation groups},
   JOURNAL = {Bull. London Math. Soc.},
  FJOURNAL = {The Bulletin of the London Mathematical Society},
    VOLUME = {28},
      YEAR = {1996},
    NUMBER = {2},
     PAGES = {113--140},
      ISSN = {0024-6093},
     CODEN = {LMSBBT},
   MRCLASS = {20B07},
  MRNUMBER = {MR1367160 (96j:20005)},
MRREVIEWER = {H. Dugald Macpherson},
}

@article {MR2370282,
    AUTHOR = {Gao, Su and Zhang, Yi},
     TITLE = {Definable sets of generators in maximal cofinitary groups},
   JOURNAL = {Adv. Math.},
  FJOURNAL = {Advances in Mathematics},
    VOLUME = {217},
      YEAR = {2008},
    NUMBER = {2},
     PAGES = {814--832},
      ISSN = {0001-8708},
     CODEN = {ADMTA4},
   MRCLASS = {03E05 (03E15 03E45 20B35 54H05)},
  MRNUMBER = {MR2370282 (2009b:03128)},
MRREVIEWER = {U. Felgner},
}

@article {MR1856740,
    AUTHOR = {Hru{\v{s}}{\'a}k, Michael and Steprans, Juris and Zhang, Yi},
     TITLE = {Cofinitary groups, almost disjoint and dominating families},
   JOURNAL = {J. Symbolic Logic},
  FJOURNAL = {The Journal of Symbolic Logic},
    VOLUME = {66},
      YEAR = {2001},
    NUMBER = {3},
     PAGES = {1259--1276},
      ISSN = {0022-4812},
     CODEN = {JSYLA6},
   MRCLASS = {03E17 (03E35)},
  MRNUMBER = {MR1856740 (2002k:03080)},
MRREVIEWER = {U. Felgner},
}

@article {MR709997,
    AUTHOR = {Koppelberg, Sabine},
     TITLE = {Groups of permutations with few fixed points},
   JOURNAL = {Algebra Universalis},
  FJOURNAL = {Algebra Universalis},
    VOLUME = {17},
      YEAR = {1983},
    NUMBER = {1},
     PAGES = {50--64},
      ISSN = {0002-5240},
     CODEN = {AGUVA3},
   MRCLASS = {20B07 (06E10 20B27)},
  MRNUMBER = {MR709997 (85k:20009)},
MRREVIEWER = {J. Libicher},
}

@inproceedings {MR896533,
    AUTHOR = {Truss, J. K.},
     TITLE = {Embeddings of infinite permutation groups},
 BOOKTITLE = {Proceedings of groups---{S}t.\ {A}ndrews 1985},
    SERIES = {London Math. Soc. Lecture Note Ser.},
    VOLUME = {121},
     PAGES = {335--351},
 PUBLISHER = {Cambridge Univ. Press},
   ADDRESS = {Cambridge},
      YEAR = {1986},
   MRCLASS = {20B07},
  MRNUMBER = {MR896533 (89d:20002)},
MRREVIEWER = {Martin W. Liebeck},
}

@incollection {MR1683516,
    AUTHOR = {Truss, J. K.},
     TITLE = {Joint embeddings of infinite permutation groups},
 BOOKTITLE = {Advances in algebra and model theory ({E}ssen, 1994;
              {D}resden, 1995)},
    SERIES = {Algebra Logic Appl.},
    VOLUME = {9},
     PAGES = {121--134},
 PUBLISHER = {Gordon and Breach},
   ADDRESS = {Amsterdam},
      YEAR = {1997},
   MRCLASS = {20B30 (20B22 20B27)},
  MRNUMBER = {MR1683516 (2000i:20005)},
MRREVIEWER = {Manfred Droste},
}

@article {MR1974545,
    AUTHOR = {Zhang, Yi},
     TITLE = {Constructing a maximal cofinitary group},
   JOURNAL = {Lobachevskii J. Math.},
  FJOURNAL = {Lobachevskii Journal of Mathematics},
    VOLUME = {12},
      YEAR = {2003},
     PAGES = {73--81 (electronic)},
      ISSN = {1818-9962},
   MRCLASS = {03E50 (03E25 20B07 20B35)},
  MRNUMBER = {MR197454},
MRREVIEWER = {Wolfgang Knapp},
}

@article {BK1,
  author = {Kastermans, Bart},
  title = {Isomorphism Types of Maximal Cofinitary Groups},
  note = {to appear in the Bulletin of Symbolic Logic}
}

@article {BK2,
  author = {Kastermans, Bart},
  title = {The Complexity of Maximal Cofinitary Groups},
  journal = {Proceeding American Mathematical Society},
  volume = {137},
  year = {2009},
  number = {1},
  pages = {307--316}
}

@article {KZ,
  author = {Kastermans, Bart and Zhang, Yi},
  title = {Cardinal Invariants Related to Permutation Groups},
  journal = {Ann. Pure Appl. Logic},
  volume = {143},
  year = {2006},
  pages = {139--146i}
}

@article {Kques,
  author = {Kastermans, Bart},
  title  = {Questions on Cofinitary Groups},
  note   = {in preparation}
}