@incollection{taocp,
 author = {Knuth, Donald E.},
 edition = "{T}hird",
 booktitle = {The {A}rt of {C}omputer {P}rogramming, Volume 2: {S}eminumerical {A}lgorithms},
 year = {1997},
 isbn = {0-201-89684-2},
 publisher = {Addison-Wesley Longman Publishing Co., Inc.},
}

@inbook {fisheryates,
  author = {Fisher, Ronald A. and Yates, Frank},
  year = 1948,
  edition = "{T}hird",
  title = "Statistical tables for biological, agricultural and medical research",
  publisher = "Oliver \& Boyd",
  pages = "26--27",
}

@misc {wikipedia,
  author = "Wikipedia",
  title = "{F}isher--{Y}ates shuffle -- {W}ikipedia{,} The Free Encyclopedia",
  year = "2016",
  url = "https://en.wikipedia.org/wiki/Fisherâ€“Yates_shuffle",
  note = "[Online; accessed 5 October 2016]",
}
  
