@article{Geanakoplos05,author="John Geanakoplos",
title="Three Brief Proofs of {A}rrow's Impossibility Theorem",
journal="Economic Theory",volume=26,pages="211-215",year=2005}

@incollection{NisanRTV07,author="Noam Nisan",
title="Introduction to Mechanism Design (for Computer Scientists)",
booktitle="Algorithmic Game Theory",
editor="N. Nisan and T. Roughgarden and E. Tardos and V. Vazirani",
publisher={Cambridge University Press},year=2007}

