@article{
  R1,
  author={Pasquale Noce},
  title={The Ipurge Unwinding Theorem for CSP Noninterference Security},
  journal={Archive of Formal Proofs},
  month=jun,
  year=2015,
  note={\url{http://isa-afp.org/entries/Noninterference_Ipurge_Unwinding.shtml}, Formal proof development},
  ISSN={2150-914x}
}

@book{
  R2,
  author={C. A. R. Hoare},
  title={Communicating Sequential Processes},
  publisher={Prentice-Hall, Inc.},
  year=1985
}

@manual{
  R3,
  author={Tobias Nipkow and Lawrence Paulson and Markus Wenzel},
  title={Isabelle/HOL --- A Proof Assistant for Higher-Order Logic},
  month=may,
  year=2015,
  note={\url{http://isabelle.in.tum.de/website-Isabelle2015/dist/Isabelle2015/doc/tutorial.pdf}}
}

@manual{
  R4,
  author={Tobias Nipkow},
  title={Programming and Proving in Isabelle/HOL},
  month=may,
  year=2015,
  note={\url{http://isabelle.in.tum.de/website-Isabelle2015/dist/Isabelle2015/doc/prog-prove.pdf}}
}

@manual{
  R5,
  author={Tobias Nipkow},
  title={A Tutorial Introduction to Structured Isar Proofs},
  note={\url{http://isabelle.in.tum.de/website-Isabelle2011/dist/Isabelle2011/doc/isar-overview.pdf}}
}

@manual{
  R6,
  author={Alexander Krauss},
  title={Defining Recursive Functions in Isabelle/HOL},
  note={\url{http://isabelle.in.tum.de/website-Isabelle2015/dist/Isabelle2015/doc/functions.pdf}}
}
