@unpublished{Nipkow-Tables,author={Tobias Nipkow},
title={Parameterized Dynamic Tables},year=2015,
note={\url{http://www.in.tum.de/~nipkow/pubs/}}}
