@unpublished{planetmath,
year={2007},
title={PlanetMath},
note={\url{http://planetmath.org/proofoflindemannweierstrasstheoremandthateandpiaretranscendental}},
author={Roger Lipsett}
}
