@inproceedings{disc_paper,
  title={Stellar Consensus By Reduction},
  author={Gafni, Eli and Losa, Giuliano and Mazières, David},
  booktitle={33nd International Symposium on Distributed Computing (DISC 2019)},
  year={2019},
  organization={Schloss Dagstuhl-Leibniz-Zentrum fuer Informatik}
}

@misc{MazieresStellarConsensusProtocol2015,
  title = {The Stellar Consensus Protocol: {{A}} Federated Model for Internet-Level Consensus},
  institution = {Stellar Development Foundation},
  year = {2015},
  author = {Mazières, David},
  howpublished = {\url{https://www.stellar.org/papers/stellar-consensus-protocol.pdf}}
}
