@ARTICLE{martinez_roura,
    author = {Conrado Mart√≠nez and Salvador Roura},
    title = {Randomized Binary Search Trees},
    journal = {Journal of the ACM},
    year = {1997},
    volume = {45}
}
