@book{apostol1976analytic,
	series = "Undergraduate {T}exts in {M}athematics",
	title = "Introduction to {A}nalytic {N}umber {T}heory",
	year = 1976,
	author = "Tom M. Apostol",
	publisher = "Springer-Verlag",
	doi = "10.1007/978-1-4757-5579-4",
	isbn = "978-0-387-90163-3"
}

@book{newman1998analytic,
  title={{A}nalytic {N}umber {T}heory},
  author={Newman, D.J.},
  number={177},
  isbn={9780387983080},
  lccn={97026431},
  series={Graduate Texts in Mathematics},
  year={1998},
  doi = {10.1007/b98872},
  publisher={Springer}
}

@ARTICLE{harrison2009pnt,
        author          = "John Harrison",
        title           = "Formalizing an analytic proof of the {P}rime
                           {N}umber {T}heorem (Dedicated to {M}ike {G}ordon on
                           the occasion of his 60th birthday)",
        journal         = "Journal of Automated Reasoning",
        year            = 2009,
        volume          = 43,
        pages           = "243--261"}
