@article{solovay_strassen_ori,
  title={A fast Monte-Carlo test for primality},
  author={Solovay, Robert and Strassen, Volker},
  journal={SIAM journal on Computing},
  volume={6},
  number={1},
  pages={84--85},
  year={1977},
  publisher={SIAM}
}

@misc{Cornwell,
  author = {Bobby Kleinberg},
  title = {The Miller-Rabin Randomized Primality Test},
  year = {2010},
  note = {Last accessed 18 November 2018},
  url = {https://www.cs.cornell.edu/courses/cs4820/2010sp/handouts/MillerRabin.pdf}
}

@misc{Quadratic_Residues,
  author = {Brilliant.org},
  title = {Quadratic Residues},
  year = {2018},
  note = {Last accessed 18 November 2018},
  url = {https://brilliant.org/wiki/quadratic-residues/}
}

@misc{Legendre_Symbol,
  author = {Brilliant.org},
  title = {Legendre Symbol},
  year = {2018},
  note = {Last accessed 18 November 2018},
  url = {https://brilliant.org/wiki/legendre-symbol/}
}

@misc{Jacobi_Symbol,
  author = {Brilliant.org},
  title = {Jacobi Symbol},
  year = {2018},
  note = {Last accessed 18 November 2018},
  url = {https://brilliant.org/wiki/jacobi-symbol/}
}

@misc{Quadratic_Reciprocity,
  author = {Brilliant.org},
  title = {Law of Quadratic Reciprocity},
  year = {2018},
  note = {Last accessed 18 November 2018},
  url = {https://brilliant.org/wiki/law-of-quadratic-reciprocity/}
}

@misc{planetmath:SolovayStrassenTest,
  author = "{mathwizard}",
  title = "Solovay--Strassen test",
  year = {2013},
  url = {https://planetmath.org/SolovayStrassenTest},
  note = {Last accessed 18 November 2018},
}

@misc{SolovayStrassenTest,
  author = "Keith Conrad",
  title = "The Solovay--Strassen Test",
  year = {2018},
  url = {http://www.math.uconn.edu/~kconrad/blurbs/ugradnumthy/solovaystrassen.pdf},
  note = {Last accessed 18 November 2018},
}

@misc{MillerRabinTest,
  author = "Keith Conrad",
  title = "The Miller--Rabin Test",
  year = {2018},
  url = {http://www.math.uconn.edu/~kconrad/blurbs/ugradnumthy/millerrabin.pdf},
  note = {Last accessed 18 November 2018},
}

@misc{Carmichael_number_square_free,
  author = "André Nicolas",
  title = "Carmichael number square free",
  year = {2016},
  url = {https://math.stackexchange.com/questions/1764812/carmichael-number-square-free},
  note = {Last accessed 18 November 2018},
}

@misc{Carmichael_numbers,
  author = "G.J.O. Jameson",
  title = "Carmichael numbers and pseudoprimes",
  year = {2010},
  url = {https://www.maths.lancs.ac.uk/jameson/carpsp.pdf},
  note = {Last accessed 18 November 2018},
}

@misc{lecture_notes,
  author = "Lars Wüstrich {after a lecture by Prof. Dr. G. Kemper}",
  title = "Skript: Computer Algebra",
  year = {2015}
}

@article{carmichael1910note,
  title={Note on a new number theory function},
  author={Carmichael, Robert Daniel},
  journal={Bulletin of the American Mathematical Society},
  volume={16},
  number={5},
  pages={232--238},
  year={1910}
}


@incollection{giry1982categorical,
  title={A categorical approach to probability theory},
  author={Giry, Michèle},
  booktitle={Categorical aspects of topology and analysis},
  pages={68--85},
  year={1982},
  publisher={Springer}
}
