%% This BibTeX bibliography file was created using BibDesk.
%% http://bibdesk.sourceforge.net/

%% Created for Anthony Bordg at 2018-06-12 12:22:31 +0100 


%% Saved with string encoding Unicode (UTF-8) 



@book{SL-Alg,
	Author = {Serge Lang},
	Date-Added = {2018-06-12 11:16:58 +0000},
	Date-Modified = {2018-06-12 11:22:00 +0000},
	Edition = {Revised Third Edition},
	Publisher = {Springer},
	Title = {Algebra},
	Year = {2002}}
