@book{Tao2006,author={Terence Tao},title={Solving Mathematical Problems},
publisher={Oxford University Press},year=2006}
