
@unpublished{dummit,
 author = {Evan Dummit},
 year = {2014},
 title = {Number {T}heory: The {G}eometry of {N}umbers},
 note={\newline\url{https://web.math.rochester.edu/people/faculty/edummit/docs/numthy_7_geometry_of_numbers.pdf}}
}

