% This file was created with JabRef 2.7b.
% Encoding: ISO8859_1

@BOOK{diestel2010graph,
  title = {Graph Theory},
  publisher = {Springer},
  year = {2010},
  author = {Reinhard Diestel},
  volume = {173},
  series = {Graduate Texts in Mathematics},
  edition = {4},
  note = {\url{http://diestel-graph-theory.com}},
  isbn = {978-3-642-14278-9}
}

