@TechReport{FIPS186-4,
  author =	 {Cameron F. Kerry and Patrick D. Gallagher},
  title =	 {{Digital Signature Standard (DSS)}},
  institution =	 {Information Technology Laboratory, National Institute of
                  Standards and Technology (NIST)},
  year =	 2013,
  type =	 {Federal Information Processing Standards (FIPS) Publication},
  number =	 {186-4},
  month =	 {July},
  note =	 {Available online at
                  \url{https://doi.org/10.6028/NIST.FIPS.186-4}}
}

@TechReport{RFC5903,
  author =	 {David E. Fu and Jerome A. Solinas},
  title =	 {{Elliptic Curve Groups modulo a Prime (ECP Groups) for IKE
                  and IKEv2}},
  institution =	 {Internet Engineering Task Force (IETF)},
  year =	 2010,
  type =	 {RFC},
  number =	 5903,
  month =	 {June},
  note =	 {Available online at
                  \url{https://tools.ietf.org/html/rfc5903}}
}

@TechReport{Coq-Elliptic,
  author =	 {Laurent Th{\'e}ry},
  title =	 {{Proving the group law for elliptic curves formally}},
  institution =	 {INRIA},
  year =	 2007,
  type =	 {Technical Report},
  number =	 {RT-0330},
  month =	 {March},
  note =	 {Available online at
                  \url{https://hal.inria.fr/inria-00129237}, Coq sources
                  available at \url{http://coqprime.gforge.inria.fr}}
}

@inproceedings{Mahboubi-Gregoire-TPHOLs2005,
  title =	 {{Proving Equalities in a Commutative Ring Done Right in
                  Coq}},
  author =	 {Mahboubi, Assia and Gr{\'e}goire, Benjamin},
  booktitle =	 {{TPHOLs 2005}},
  address =	 {Oxford, United Kingdom},
  editor =	 {Joe Hurd and Tom Melham},
  publisher =	 {{Springer}},
  series =	 {Lecture Notes in Computer Science},
  volume =	 3603,
  pages =	 {98-113},
  year =	 2005,
  month =	 {August}
}
