@misc{wikipedia:Multiset,
   author = "Wikipedia",
   title = "Multiset --- Wikipedia{,} The Free Encyclopedia",
   year = "2016",
   url = "https://en.wikipedia.org/w/index.php?title=Multiset&oldid=721878804",
   note = "[Online; accessed 23-June-2016]"
 }
